1561 2439
406 109 659 138 SELECTIONS
688 109 805 137 FROM
833 108 1073 138 PHAEDRUS.
1325 102 1370 138 21

512 266 656 305 FABLE
685 266 779 304 VII.
811 266 858 317 (L
894 267 971 315 18).

388 367 522 409 OVIS,
550 367 775 408 CERVUS,
805 367 875 400 ET
904 366 1095 401 LUPUS.

179 454 301 495 Before
317 465 385 496 you
399 455 442 486 do
459 454 603 486 business
619 454 698 485 with
715 465 737 485 α
753 464 845 491 man,
865 455 1018 485 eocamine
1034 454 1085 485 his
1101 453 1310 485 credentials.

165 542 387 580 Fraudator
419 542 597 581 homines
629 555 751 593 quum
787 541 955 580 advocat
989 553 1179 591 sponsum
1208 548 1280 583 (225)
1309 540 1379 578 im-

219 604 372 654 probos,

112 665 149 703 N
154 679 203 703 on
225 679 308 703 rem
328 664 525 716 expedire,
548 664 617 703 sed
638 665 742 703 mala
761 665 899 712 vitare,
922 663 1096 715 expedit.

165 727 292 766 Ovem
312 737 381 768 (135)
401 727 566 778 rogabat
586 740 724 764 cervus
750 726 929 765 modium
951 736 1021 767 (135)
1042 726 1176 774 tritici,

112 788 222 838 Lupo
242 798 313 830 (155)
334 802 535 839 sponsore.
592 789 648 826 At
669 788 738 826 illa
757 793 1035 838 praemetuens
1055 787 1192 827 dolum
1209 803 1217 828 ι

115 850 303 900 “Rapere
323 856 442 900 atque
462 850 572 889 abire
593 863 747 901 semper
767 849 941 888 assuevit
961 849 1090 900 lupus,
1364 868 1381 902 5

110 911 171 950 Tu
194 912 242 950 de
263 920 476 962 conspeetu
496 912 632 963 fugere
652 912 775 950 veloci
797 912 950 961 impetu
969 920 1044 954 (154)
1058 926 1070 959 3

111 973 194 1012 Ubi
217 987 286 1012 vos
306 974 515 1025 requiram,
540 987 664 1025 quum
684 973 768 1013 dies
788 973 994 1013 advenerit
1009 974 1052 1011 (Ν

508 1226 651 1266 FABLE
680 1227 794 1267 vm.
828 1227 876 1275 (1.
911 1228 990 1280 19).

421 1327 555 1370 OVIS,
584 1328 754 1371 CANIS,
784 1329 855 1362 ET
881 1328 1075 1364 LUPUS.

510 1415 617 1447 Liar&
634 1416 716 1448 have
733 1416 820 1448 their
834 1417 979 1450 reward.

165 1502 303 1542 Solent
323 1503 532 1543 mendaces
552 1504 661 1543 luere
683 1518 829 1556 poenas
850 1504 1025 1543 malefici.

164 1565 441 1605 Calumniator
461 1566 510 1605 ab
531 1580 604 1606 ove
625 1581 748 1618 quum
769 1572 923 1618 peteret
942 1578 1010 1610 (243,
1025 1577 1054 1608 4)
1073 1566 1192 1616 canis,

110 1628 235 1676 Quem
257 1627 525 1667 commodasse
545 1638 617 1672 (247)
638 1643 780 1681 panem
802 1644 841 1668 se
862 1629 1132 1677 contenderet,

108 1690 256 1741 Lupus,
280 1690 425 1729 citatus
447 1692 572 1740 testis,
596 1705 676 1730 non
697 1706 822 1731 unum
842 1691 961 1731 modo

107 1752 256 1791 Deberi
277 1762 349 1795 (247)
369 1753 483 1801 dixit,
507 1756 647 1793 verum
669 1754 880 1793 affirmavit
898 1754 1046 1796 decem.
1364 1770 1382 1806 5

107 1814 214 1862 Ovis,
239 1815 429 1854 damnata
450 1817 549 1855 falso
570 1817 798 1856 testimonio
817 1825 902 1864 (154),

107 1876 223 1925 Quod
245 1892 324 1916 non
347 1879 528 1925 debebat,
552 1879 684 1918 solvit.
742 1879 840 1918 Post
861 1892 1006 1930 paucos
1026 1877 1111 1917 dies

107 1939 255 1979 Bidens
276 1941 472 1981 iacentem
492 1942 534 1980 in
554 1942 674 1981 fovea
694 1942 897 1993 prospexit
918 1941 1080 1993 lupum:

110 2006 132 2023 “
146 2003 254 2042 Haec
268 2004 300 2051 ²²,
358 2004 501 2055 inquit,
559 2008 741 2043 “merces
796 2003 947 2042 fraudis
1003 2017 1026 2042 a
1080 2001 1233 2053 superis
1279 2011 1332 2045 (15,
1354 2011 1382 2044 6)

216 2066 336 2104 datur
350 2066 379 2104 ⁷⁷.

110 2162 394 2201 Panse-Solent,
422 2163 581 2214 malefici,
608 2164 853 2204 commodasse,
882 2163 1011 2204 decem,
1038 2162 1155 2203 solvit,
1181 2163 1374 2206 prospexit,

194 2218 334 2247 merces,
356 2218 500 2254 SllpeI'lS.
