1561 2439
415 100 667 131 SELECTIONS
696 99 813 127 FROM
842 98 1081 127 PHAEDRUS.
1335 90 1384 127 25

512 219 654 257 FABLE
683 218 793 256 XIV.
828 218 874 267 (I.
909 219 986 266 30).

472 307 689 343 VULPES
718 307 788 340 ET
813 306 1027 349 AQUILA.

311 387 474 420 However
490 387 570 428 722·th
586 387 623 419 in
640 387 691 418 the
707 386 815 418 world
830 396 897 427 you
912 396 982 424 ure,
1003 385 1037 416 be
1054 385 1195 417 humble.

171 463 359 512 Quamvis
380 463 567 502 sublimes
588 462 737 501 debent
757 461 926 500 humiles
945 467 1134 508 metuere,

116 525 304 564 Vindicta
324 525 440 564 docili
461 525 554 575 quia
574 530 685 575 patet
706 524 913 563 sollertiae.

168 587 363 637 Vulpinos
383 587 533 625 catulos
553 586 685 637 aquila
705 585 906 637 quondam
927 585 1098 633 sustulit,

114 648 300 699 Nidoque
319 658 393 692 (163)
410 649 544 700 posuit
569 648 700 699 pullis,
724 661 852 687 escam
871 657 944 690 (127)
964 654 1010 686 ut
1036 654 1242 698 carperent
1262 659 1329 691 (243,
1344 658 1379 689 2).

114 710 228 748 Hanc
250 717 457 761 persecuta
476 717 604 749 mater
623 723 734 749 orare
754 710 906 760 incipit,
1365 728 1382 762 5

112 772 174 810 Ne
194 778 353 811 tantum
373 772 539 810 miserae
559 772 711 810 luctum
731 772 966 822 importaret
985 782 1058 815 (241)
1078 772 1152 810 sibi
1171 780 1254 814 (144).

113 833 364 884 Contempsit
385 834 462 881 illa,
487 840 576 872 tuta
597 834 744 884 quippe
765 835 850 884 ipso
871 833 955 872 loco
976 844 1059 877 (158).

111 895 262 946 Vulpes
284 896 333 934 ab
353 903 422 934 ara
440 897 574 946 rapuit
595 896 800 934 ardentem
821 896 957 941 facem,

111 957 332 1009 Totamque
353 959 522 996 flammis
543 958 723 997 arborem
744 957 1016 1005 circumdedit,

111 1019 229 1059 Hosti
252 1020 428 1059 dolorem
448 1020 594 1059 damno
614 1030 685 1061 (151)
705 1020 873 1058 miscens
893 1020 1095 1071 sanguinis
1115 1029 1198 1062 (175).
1345 1040 1382 1063 10

109 1082 266 1133 Aquila,
290 1088 335 1121 ut
354 1083 501 1133 periclo
522 1092 594 1124 (149)
613 1082 754 1120 mortis
774 1082 944 1132 eriperet
965 1093 1034 1125 (243,
1049 1091 1076 1125 2)
1096 1095 1198 1128 SUOS,

109 1144 332 1183 Incolumes
354 1150 468 1182 natos
489 1145 658 1195 supplex
678 1144 789 1195 vulpi
809 1144 986 1182 tradidit.

109 1231 445 1268 Panse—Vindicta,
461 1231 618 1269 sustulit,
634 1242 760 1269 escam,
779 1234 974 1272 persecuta,
993 1231 1216 1274 contempsit,
1236 1231 1377 1264 circum-

195 1275 306 1314 dedit,
325 1275 515 1317 sanguinis,
534 1274 675 1317 periclo,
696 1274 804 1316 vulpi.

508 1444 652 1484 FABLE
680 1444 770 1484 XV.
819 1444 865 1493 (Ι.
900 1446 977 1494 12).

453 1535 668 1571 CERVUS
695 1535 766 1568 AD
795 1534 1034 1569 FONTEM.

495 1615 560 1647 Use
575 1614 693 1646 rather
708 1614 791 1645 than
807 1618 993 1645 ornament.

160 1690 350 1730 Laudatis
370 1700 441 1733 (150)
461 1690 632 1737 utiliora,
656 1704 754 1741 quae
776 1690 1059 1740 contempseris
1081 1699 1162 1737 (244),

107 1753 231 1804 Saepe
251 1752 425 1792 inveniri
445 1762 527 1799 (247),
550 1752 646 1791 haec
667 1752 815 1790 exserit
835 1752 1021 1790 narratio.

160 1815 224 1853 Ad
245 1816 395 1854 fontem
416 1828 564 1862 cervus,
588 1828 713 1865 quum
728 1814 895 1853 bibisset
915 1823 984 1858 (243,
999 1824 1036 1863 4),
1059 1813 1220 1861 restitit,

104 1876 157 1915 Et
176 1877 217 1915 in
237 1877 388 1928 liquore
409 1877 513 1915 vidit
532 1877 700 1928 effigiem
720 1889 841 1915 suam.

104 1938 167 1977 Ibi
187 1939 284 1977 dum
304 1953 459 1978 ramosa
477 1939 627 1977 mirans
647 1938 786 1977 laudat
805 1950 874 1983 (243,
888 1948 915 1980 4)
935 1952 1091 1987 cornua,
1359 1958 1373 1991 5

104 2000 354 2052 Crurumque
375 2001 540 2040 nimiam
560 2001 802 2040 tenuitatem
822 2001 1035 2052 vituperat,

103 2062 333 2102 Venantum
354 2064 486 2102 subito
506 2063 670 2102 vocibus
688 2072 762 2106 (158)
781 2064 1030 2112 conterritus,

103 2124 181 2164 Per
201 2139 383 2176 campum
402 2126 538 2176 fugere
559 2126 699 2176 coepit,
722 2131 762 2164 et
782 2139 896 2164 cursu
917 2135 991 2169 (154)
1009 2125 1089 2165 levi

103 2186 231 2227 Canes
251 2187 378 2227 elusit.
438 2187 548 2228 Silva
567 2193 655 2227 tum
674 2188 832 2239 excepit
851 2188 981 2227 ferum
997 2204 1004 2226 :
