1561 2439
190 86 238 122 28
483 94 736 125 SELECTIONS
765 97 881 125 FROM
909 97 1147 127 PHAEDRUS.

188 190 355 241 Impune
375 190 482 230 abire
503 191 646 230 deinde
667 193 760 243 quia
780 193 858 231 iam
878 207 958 232 non
977 199 1118 244 potest.

243 251 296 290 Os
317 252 551 291 devoratum
571 254 681 292 fauce
702 263 773 296 (160)
793 268 915 305 quum
935 255 1114 294 haereret
1134 266 1200 299 (243,
1215 266 1242 297 4)
1261 255 1354 306 lupi,

187 313 335 364 Magno
357 314 490 352 dolore
511 315 638 353 victus
659 316 787 366 coepit
806 317 981 367 singulos
1430 336 1448 371 5

188 375 341 413 Illicere
360 376 488 425 pretio
507 384 578 418 (157)
598 382 644 414 ut
663 377 762 415 illud
783 378 1037 417 extraherent
1055 388 1126 421 (241)
1146 379 1290 417 malum

188 437 365 475 Tandem
386 450 571 487 persuasa
591 444 650 475 est
669 439 921 478 iureiurando
941 440 1048 490 gruis
1065 455 1075 488 3

188 498 393 548 Gulaeque
415 498 576 536 credens
597 499 686 537 colli
706 500 1006 551 longitudinem,

189 560 454 598 Periculosam
475 560 568 599 fecit
588 561 824 600 medicinam
843 562 948 612 lupo.

187 621 265 660 Pro
286 635 364 672 quo
385 636 507 672 quum
527 628 687 673 pactum
706 624 903 674 flagitaret
921 635 989 668 (243,
1003 635 1030 664 4)
1049 626 1279 676 praemium,
1413 648 1451 671 10

190 683 389 734 “Ingrata
409 698 449 721 es
463 687 491 731 ⁵⁷,
516 685 657 734 inquit,
683 688 783 724 “ore
804 695 876 728 (149)
894 699 994 736 quae
1014 692 1150 726 nostro
1170 694 1290 738 caput

187 745 389 784 Incolume
409 745 620 784 abstuleris
639 755 721 792 (244),
745 752 785 785 et
803 748 1023 786 mercedem
1042 749 1217 799 postules
1232 749 1251 764 ’'
1272 761 1351 791 (244).

187 843 524 883 Parsa—Quoniam,
551 845 658 883 abire,
681 856 727 883 os,
753 845 864 885 fauce,
888 846 1058 886 haereret,
1080 848 1205 886 victus,
1228 850 1354 890 pretio,
1375 859 1450 891 per-

272 898 373 919 suasa
389 891 453 927 est,
472 888 579 931 gruis,
598 888 691 930 lupo,
711 892 865 930 pactum,
883 900 952 929 ore,
971 890 1166 929 abstuleris,
1186 892 1350 933 postules.

592 1085 735 1124 FABLE
765 1086 875 1125 XIX.
910 1086 954 1135 (I.
989 1089 1040 1136 4).

281 1184 440 1220 CANIS
469 1185 574 1219 PER
604 1186 857 1220 FLUVIUM
887 1186 1110 1220 CARNEM
1140 1186 1361 1222 FERENS.

357 1275 411 1307 Hp.
428 1276 500 1307 who
516 1276 641 1307 desires
656 1276 822 1307 anoclzer's
838 1276 962 1307 doe-§12⁷5
978 1276 1109 1307 deserve
1125 1276 1177 1307 his
1193 1286 1274 1309 own.

237 1363 403 1401 Amittit
423 1363 565 1402 merito
586 1365 801 1415 proprium,
824 1365 891 1415 qui
912 1373 983 1407 (128)
1001 1364 1175 1403 alienum
1195 1365 1357 1416 appetit.

238 1425 367 1471 Canis,
391 1439 462 1476 per
481 1426 629 1464 fiumen
649 1439 808 1465 carnem
829 1425 923 1464 dum
945 1426 1065 1465 ferret
1084 1436 1153 1470 (243,
1168 1437 1195 1468 4)
1215 1433 1368 1475 natans,

184 1488 457 1538 Lympharum
476 1497 548 1530 (165)
568 1489 610 1526 in
630 1488 788 1539 speculo
809 1487 912 1527 vidit
931 1488 1184 1527 simulacrum
1204 1502 1330 1536 suum,

184 1550 396 1601 Aliamque
417 1550 604 1600 praedam
623 1551 674 1589 ab
694 1550 771 1589 alio
791 1550 887 1589 ferri
907 1561 978 1593 (247)
997 1556 1153 1601 putans,

184 1612 346 1663 Eripere
367 1612 519 1651 voluit:
549 1615 687 1651 verlim
709 1613 874 1663 decepta
893 1612 1062 1651 aviditas
1080 1629 1088 1651 z
1433 1630 1451 1666 5

184 1675 247 1720 Et,
270 1687 388 1725 quem
408 1685 479 1716 (128)
500 1675 672 1721 tenebat,
695 1688 761 1713 ore
781 1684 854 1717 (149)
873 1675 1032 1713 demisit
1053 1674 1194 1722 cibum,

185 1736 278 1784 Nec,
302 1750 418 1788 quem
438 1746 512 1779 (128)
532 1737 703 1788 petebat,
727 1737 825 1775 adeo
847 1738 979 1788 potuit
1000 1737 1204 1787 attingere.

186 1836 500 1875 Parsa—Amittit,
520 1846 669 1876 carnem,
689 1835 810 1875 ferret,
829 1835 972 1878 eripere,
993 1845 1060 1874 ore,
1081 1835 1265 1877 attingere.
