1561 2439
568 324 849 373 SUBJEOT
902 325 1125 373 INDEX.

211 453 327 485 Aquila.
343 453 455 483 cornix,
469 453 500 478 et
512 452 642 484 testudo,
656 461 683 485 p.
699 454 739 479 20.

210 487 327 518 Aquila,
342 486 416 517 felis,
432 487 462 511 et
475 494 551 518 aper,
567 494 594 518 p.
610 488 650 511 26.

211 520 321 545 Asinus
334 521 364 544 et
376 520 421 544 Ieo
434 522 585 551 venantes,
600 527 628 551 p.
644 521 684 545 37.

210 553 321 578 Asinus
334 554 364 577 et
376 560 468 577 senex
480 554 587 584 pastor,
603 561 631 584 p.
646 554 686 578 36.

211 620 304 645 Canes
316 618 454 649 famelici,
467 626 495 650 p.
511 621 551 644 32.

210 653 298 677 Canis
311 653 341 677 et
354 652 523 683 corcodilus,
538 659 566 683 p.
582 653 622 677 30.

210 685 298 710 Canis
307 687 337 710 et
350 685 508 710 thesaurus
516 686 546 710 et
555 685 713 716 vulturius,
724 692 752 717 p.
765 686 805 710 22.

211 719 298 744 Canis
312 718 416 749 fidelis,
430 726 458 750 p.
474 720 514 744 33.

210 752 298 776 Canis
312 752 487 783 parturiens,
502 759 529 783 p.
545 753 584 777 35.

210 785 297 810 Canis
306 793 358 816 per
365 785 491 809 fluvium
497 792 615 810 carnem
623 784 805 817 ferens,p.‘ZS.

210 818 319 843 Cervus
331 818 369 843 ad
384 818 508 849 fontem,
523 826 550 850 p.
566 819 606 844 25.

209 852 319 876 Cervus
332 853 363 876 et
377 852 474 881 boves,
489 859 517 883 p.
533 853 573 876 38.

210 886 320 910 Cornix
333 886 442 915 astuta,
456 892 484 916 p.
501 886 540 910 23.

210 951 255 977 Ex
270 953 369 976 sutore
382 951 524 983 medicus,
539 958 565 982 p.
581 952 621 976 31.

211 1017 352 1043 Graculus
365 1017 519 1049 superbus,
534 1025 561 1049 p.
577 1018 617 1042 24.

211 1084 307 1109 Homo
321 1085 351 1109 et
363 1084 490 1114 arbores,
505 1091 532 1115 p.
548 1085 587 1109 36.

211 1118 308 1142 Homo
321 1119 351 1142 et
364 1118 452 1149 canis,
467 1124 495 1149 p.
511 1118 551 1142 37.

212 1184 368 1215 Iuvencus,
381 1183 435 1215 leo,
451 1184 482 1209 et
493 1182 657 1216 praedator,
673 1190 700 1215 p.
716 1183 756 1208 29.

874 453 931 478 Leo
944 461 1034 479 senex
1047 455 1077 479 ei:
1089 454 1199 485 asinus,
1214 461 1241 485 p.
1258 455 1297 479 17.

874 487 976 518 Lupus
991 488 1021 512 et
1035 495 1138 519 agnus,
1152 495 1180 519 p.
1197 489 1237 512 IS.

874 520 975 551 Lupus
988 522 1018 545 et
1030 528 1108 552 grus,
1124 528 1152 552 p.
1168 522 1208 545 27.

874 553 976 584 Lupus
989 554 1018 578 et
1032 554 1142 585 vulpes,
1156 553 1253 578 iudice
1266 553 1361 586 simio,
1374 560 1402 586 p.
1417 554 1458 579 31ι

875 619 993 644 Milvius
1006 620 1036 644 et
1048 619 1208 650 columbae,
1222 626 1250 651 p.
1266 620 1306 645 19.

874 652 947 677 Muli
959 653 990 678 et
1001 653 1138 684 latrones
1153 660 1180 684 p.
1197 654 1237 678 19.

875 719 954 750 Ovis,
969 719 1058 750 canis,
1073 720 1103 744 et
1116 719 1213 750 lupus,
1228 726 1255 750 p.
1271 720 1311 744 21.

875 752 953 783 Ovis,
967 760 1079 783 cervus,
1095 754 1125 777 et
1136 752 1233 784 lupus,
1248 759 1276 784 p.
1291 753 1331 777 21.

875 817 978 843 Passer
989 820 1019 843 et
1031 818 1128 850 lupus,
1142 825 1170 850 p.
1187 819 1227 843 27.

876 885 974 909 Ranae
987 885 1017 909 et
1029 885 1080 914 sol,
1095 892 1122 916 p.
1139 885 1179 910 17.

876 918 973 942 Ranae
991 919 1161 943 metuentes
1180 918 1334 942 tam-orum
1354 915 1471 950 proelia,

876 958 974 1009 Ranffe
984 952 1085 1015 {segem
1097 984 1242 1016 petentes,
1257 992 1284 1015 p.
1300 984 1340 1009 33.

875 1018 958 1042 Rana
971 1019 1059 1049 rupta
1072 1018 1102 1042 et
1114 1017 1175 1049 bos,
1190 1025 1218 1050 p.
1233 1019 1273 1043 30.

875 1084 976 1113 Vacca,
992 1083 1109 1115 capella,
1124 1084 1196 1114 ovis,
1211 1084 1241 1108 et
1252 1083 1306 1115 leo,
1320 1090 1349 1115 p.
1363 1083 1404 1109 23.

875 1117 983 1148 Vulpes
996 1119 1025 1141 et
1037 1117 1145 1148 aquila,
1160 1124 1188 1148 p.
1204 1118 1244 1143 25.

875 1150 983 1181 Vulpes
996 1152 1026 1174 et
1040 1150 1160 1181 ciconia,
1174 1158 1202 1182 p.
1218 1151 1258 1175 34.

874 1183 983 1215 Vulpes
996 1184 1027 1209 et
1038 1190 1151 1215 corvus,
1165 1191 1193 1215 p.
1208 1184 1249 1208 2-2.

513 1492 908 1540 NUMERIOAL
961 1490 1183 1538 INDEX.

212 1622 293 1648 Book
303 1622 360 1673 1⁸:3¹
373 1621 458 1647 Fable
469 1622 522 1647 III.

336 1674 359 1686 -,
409 1676 426 1687 ,,
463 1655 600 1681 xxvm.
766 1657 807 1686 15,

335 1691 359 1720 3,
409 1709 426 1721 ‚,
464 1689 547 1714 x111.
765 1690 808 1720 16,

335 1726 359 1780 ξ’
409 1742 426 1754 ‚‚
464 1722 542 1780 {PL
766 1723 808 1780 ἐξ

354 1775 359 1785 ¹
410 1775 427 1786 5)
508 1775 514 1781 ·
801 1774 808 1787 2

335 1791 359 1819 6,
409 1808 426 1820 „
465 1789 503 1813 11.
766 1790 807 1819 19,

335 1825 359 1852 s,
408 1842 426 1853 ,‚
465 1821 572 1847 xvm.
766 1823 807 1853 21,

335 1857 359 1886 9,
409 1875 426 1886 „
465 1856 555 1880 xvir.
766 1856 807 1887 22,

320 1890 359 1919 10,
409 1908 426 1920 „
464 1889 567 1913 xxlv.
766 1890 806 1919 23,

247 1941 264 1953 ,‚
319 1924 359 1951 11,
409 1941 426 1953 ,‚
464 1922 599 1947 xxxm.
766 1923 807 1952 25,

258 1974 265 1987 ,
319 1957 359 1986 1-2,
409 1974 426 1986 ‚,
465 1955 524 1980 xv.
765 1956 807 1986 26,

319 1990 360 2017 13,
409 2008 427 2020 „
465 1989 514 2013 lx.
766 1989 807 2020 27,

643 1622 725 1647 Book
736 1622 755 1647 I.
766 1623 808 1653 14,
819 1621 907 1646 Fable
915 1621 1039 1646 XXXII.
1076 1620 1156 1646 Book
1164 1620 1187 1646 Ι.
1197 1621 1238 1652 28,
1249 1619 1336 1646 Fable
1346 1619 1454 1646 XXIX.

857 1674 875 1686 ,‚
913 1654 982 1679 ΧΠ.
1197 1655 1239 1685 29,
1289 1673 1307 1686 „
1343 1654 1377 1679 x.

869 1707 875 1719 ,
913 1688 938 1712 x
997 1706 1004 1712 .
1197 1688 1239 1718 30,
1288 1706 1306 1719 „
1410 1706 1417 1712 .

857 1707 863 1719 ‚
943 1687 994 1712 xv
1342 1687 1410 1712 XIV

857 1741 874 1753 „
912 1721 1020 1746 xxm.
1197 1722 1238 1750 32,
1288 1740 1305 1752 ‚.
1343 1720 1422 1745 XXI.

857 1774 874 1786 ‚,
912 1754 975 1778 vn.
1109 1773 1126 1784 „
1197 1756 1237 1783 33,
1288 1773 1305 1784 ,.
1342 1752 1374 1780 v.

857 1808 874 1819 ‚,
911 1787 991 1812 vm.
1109 1806 1126 1818 „
1153 1787 1238 1817 11.1,
1286 1806 1305 1818 ‚‚
1342 1786 1403 1812 xx.

857 1841 874 1852 „
911 1821 1002 1845 xxx.
1213 1822 1238 1850 3,
1287 1839 1304 1851 „
1342 1820 1466 1845 xxxlv.

857 1874 875 1886 ,‚
913 1854 1016 1879 xxw.
1213 1856 1237 1884 4,
1285 1872 1304 1884 ‚‚
1342 1853 1418 1878 xw.

857 1907 875 1953 ζζ
912 1888 1031 1946 xxva
1213 1887 1239 1952 ἐξ
1286 1905 1304 1951 ζζ
1341 1886 1410 1946 ξνῖι

856 1974 874 1986 ,,
911 1955 1015 2014 ἓηί
1212 1954 1238 1987 9,
1286 1971 1305 1986 „
1341 1952 1456 1978 xxxv.

856 2006 875 2020 ‚,
969 1988 1024 2014 11.

822 2055 871 2080 106
