1561 2439
399 111 651 141 SELECTIONS
680 111 798 139 FROM
827 109 1068 139 PHAEDRUS.
1322 101 1373 138 ‘23

103 210 245 262 Itaque
266 223 405 249 aurum
426 209 520 248 dum
543 207 718 246 custodit
735 216 806 251 (243,
821 217 847 248 4)
868 206 1016 245 oblitus
1037 206 1111 245 cibi
1132 214 1207 249 (176)

102 273 223 311 Fame
244 277 303 310 est
324 276 603 321 consumptus3
633 283 750 320 quem
772 275 880 307 stans
902 268 1098 307 vulturius
1122 281 1240 319 super

103 335 246 373 Fertur
265 334 454 384 loquutus
472 349 478 371 :
512 336 533 353 “
547 332 581 371 O
603 332 720 378 canis,
743 331 886 369 merito
908 331 1020 378 iaces,

104 395 181 444 Qui
201 395 421 446 concupisti
442 394 574 432 subito
595 393 746 444 regales
766 406 871 443 opes,
1336 412 1375 433 10

103 458 238 496 Trivio
257 466 328 499 (163)
350 462 561 506 conceptus
582 461 622 493 et
643 455 834 493 educatus
857 460 1027 493 stercore
1043 454 1060 469 '’
1082 465 1163 497 (163).

105 543 357 581 Panse—Nati,
377 543 579 584 locupletes,
599 542 762 581 violzira‘o,
782 541 845 581 illi,
865 541 1007 580 oblitus,
1034 543 1271 583 consumptus,
1296 551 1373 572 con-

190 587 329 628 cupisti,
350 587 468 624 trivio,
489 589 650 617 stercore.

533 732 676 769 FABLE
706 731 776 769 XI.
812 731 858 779 (I.
892 732 944 779 5).

300 822 485 862 VACCA,
513 820 769 862 CAPELLA,
798 819 931 861 OVIS,
961 819 1030 852 ET
1059 819 1172 853 LEO.

129 901 386 942 Parma-ships,
407 900 441 941 {f
451 900 527 941 they
543 911 602 931 are
620 905 650 931 to
668 900 702 931 be
719 899 824 930 rclied
840 909 892 936 οη,
913 903 1001 930 must
1019 898 1052 930 be
1070 898 1207 930 between
1224 899 1349 940 equals.

159 990 375 1040 Nunquam
397 994 456 1027 est
477 988 603 1026 fidelis
624 1001 712 1025 cum
732 991 896 1037 potente
917 987 1084 1025 societas
1102 1002 1108 1024 :

105 1051 292 1090 Testatur
313 1051 407 1089 haec
429 1050 572 1088 fabella
593 1050 841 1100 propositum
862 1061 1005 1086 meum.

160 1114 299 1155 Vacca,
323 1119 362 1151 et
383 1112 541 1163 capella,
565 1117 604 1149 et
624 1111 780 1161 patiens
801 1111 885 1148 ovis
906 1110 1073 1149 iniuriae
1092 1119 1175 1157 (175),

107 1175 211 1215 Socii
231 1176 339 1214 fuere
361 1188 447 1213 cum
469 1172 580 1212 leo‘ne
601 1173 641 1211 in
664 1173 842 1211 saltibus.

107 1238 162 1276 Hi
176 1249 244 1281 (129,
259 1248 284 1277 3)
298 1250 419 1287 quum
437 1236 633 1286 cepissent
645 1245 714 1278 (243,
729 1244 757 1277 4)
770 1248 928 1273 cervum
942 1235 1045 1273 vasti
1061 1235 1235 1286 corporis
1251 1246 1331 1282 (171),
1360 1254 1377 1288 5

106 1299 170 1338 Sic
191 1305 251 1338 est
270 1299 435 1344 locutus,
459 1297 640 1348 partibus
660 1297 773 1334 factis
793 1306 876 1343 (155),
898 1296 983 1335 leo:

109 1365 132 1383 “
147 1362 230 1412 Ego
250 1361 419 1411 primam
440 1359 547 1406 tollo,
570 1359 756 1397 nominor
776 1359 869 1409 quia
888 1358 949 1397 leo
968 1374 978 1407 3

106 1423 339 1469 Secundam,
364 1422 458 1472 quia
477 1435 565 1459 sum
585 1421 713 1467 fortis,
736 1421 921 1459 tribuetis
941 1421 1039 1459 mihi
1059 1436 1068 1468 5

105 1485 218 1532 Tum,
241 1485 333 1536 quia
353 1484 441 1534 plns
461 1483 585 1530 valeo,
608 1497 670 1521 me
691 1489 881 1533 sequetur
900 1483 1021 1521 tertia
1035 1498 1044 1531 3

105 1547 214 1585 Malo
234 1546 435 1593 afficietur,
459 1546 490 1583 si
513 1546 600 1595 quis
622 1555 676 1587 (67)
696 1551 878 1595 quartam
900 1545 1081 1595 tetigerit
1096 1544 1124 1584 ’'.
1342 1567 1380 1588 10

106 1609 170 1648 Sic
190 1614 315 1647 totam
337 1618 390 1649 (09)
412 1607 599 1658 praedam
621 1607 702 1645 sola
722 1616 778 1648 (09)
797 1608 1032 1658 improbitas
1053 1607 1230 1646 abstulit.

107 1695 437 1733 Parsa—Testatur,
468 1696 618 1737 patiens
650 1695 810 1729 iniuriae,
842 1694 1028 1736 cepissent,
1055 1694 1171 1735 factis,
1198 1694 1375 1735 tribuetis,

193 1742 368 1782 sequetur,
388 1739 476 1780 quis,
496 1739 667 1780 tetigerit,
687 1737 846 1769 abstulit.

511 1885 654 1923 FABLE
684 1884 778 1922 XII.
812 1884 859 1932 (I.
896 1884 974 1934 15).

518 1973 720 2008 CORNIX
745 1972 976 2007 ASTUTA.

452 2053 611 2093 Gmmins]
627 2052 718 2093 often
734 2052 866 2084 outwiz‘s
882 2063 1035 2093 courasye.

161 2132 227 2171 Ad
248 2145 387 2171 urnam
409 2131 547 2170 cornix
567 2130 706 2169 sitiens
727 2129 986 2180 semiplenam
1010 2143 1135 2182 aquae
1154 2139 1226 2174 (169)

110 2195 298 2244 Accessit,
321 2201 440 2247 atque
461 2197 603 2234 conata
622 2197 682 2232 est
701 2197 890 2232 evertere.
