1561 2439
186 104 236 142 22
480 113 734 142 SELECTIONS
762 113 880 142 FROM
907 114 1146 144 PHAEDRUS.

593 244 736 282 FABLE
765 243 834 282 IX.
871 244 916 294 (I.
953 247 1029 292 13).

533 339 747 373 VULPES
775 339 845 372 ET
872 338 1096 374 CORVUS.

565 422 668 454 Don’t
685 422 719 454 be
728 423 847 462 fooled
863 423 905 464 by
914 423 1067 465 flatcery.

238 505 314 552 Qui
335 518 375 543 se
396 504 548 542 laudari
567 514 642 547 (247)
659 505 836 557 gaudent
856 506 986 543 verbis
1006 506 1192 551 subdolis,

184 568 279 607 Sera
298 568 396 607 dant
416 582 563 619 poenas
583 574 720 618 turpes
740 569 998 619 poenitentia.

238 630 368 678 Quum
388 630 437 668 de
456 631 628 668 fenestra
647 644 787 668 corvus
808 636 966 680 raptum
986 645 1141 670 caseum

184 691 367 731 Comesse
386 692 518 742 vellet,
543 692 645 730 celsa
663 691 839 730 residens
857 693 995 731 arbore
1013 702 1097 739 (163),

186 754 303 792 Hunc
325 753 426 792 vidit
445 754 584 804 vulpes
600 767 610 801 ;
638 753 783 792 deinde
803 754 857 792 sic
877 755 1007 805 coepit
1027 754 1133 805 loqui
1153 772 1158 794 2
1429 773 1448 809 5

185 820 207 836 “
221 816 255 855 O
276 816 343 866 qui
365 821 533 861 tuarum,
555 828 681 861 corve,
703 829 922 865 pennarum
943 823 1003 854 est
1023 817 1152 854 nitor!

183 877 386 925 Quantum
405 877 557 916 decoris
575 885 649 920 (173)
665 890 826 928 corpore
846 887 918 919 (163)
938 883 978 916 et
998 878 1114 916 vultu
1133 887 1206 920 (163)
1225 879 1349 929 geris!

183 940 224 976 Si
246 952 383 977 vocem
403 939 566 978 haberes
585 949 655 983 (243,
671 950 707 985 5),
730 939 839 977 nulla
859 941 967 990 prior
986 940 1066 978 ales
1086 940 1189 979 foret
1203 942 1222 959 ''
1243 950 1311 984 (243,
1327 949 1363 981 5).

184 1003 238 1039 At
258 1001 324 1039 ille
346 1001 501 1047 stultus,
525 1001 619 1039 dum
640 1001 727 1039 vult
747 1014 883 1039 vocem
904 1001 1122 1050 ostendere,

183 1063 326 1101 Emisit
342 1077 406 1101 ore
428 1074 497 1103 (1⁴9)
518 1076 682 1107 caseum,
702 1076 819 1113 quem
840 1063 1020 1102 celeriter
1411 1082 1451 1105 10

182 1124 330 1163 Dolosa
351 1125 488 1175 vulpes
509 1124 635 1162 avidis
656 1125 787 1174 rapuit
808 1124 1005 1164 dentibus.

182 1187 284 1225 Tum
306 1187 465 1224 demum
487 1186 681 1236 ingemuit
701 1187 807 1224 corvi
829 1187 1017 1237 deceptus
1038 1194 1186 1238 stupor.

238 1249 322 1287 Hac
343 1262 383 1286 re
404 1248 603 1298 probatur,
627 1248 831 1299 ingenium
851 1251 1046 1299 quantum
1067 1249 1173 1287 valet
1191 1258 1273 1295 (242),

183 1310 344 1349 Virtute
363 1319 435 1352 (158)
455 1315 495 1348 et
515 1323 667 1360 semper
687 1310 889 1361 praevalet
909 1321 979 1353 (242)
999 1312 1204 1361 sapientia.

181 1408 512 1447 Fame—Gaudent,
539 1412 690 1450 raptum,
718 1411 877 1447 comesse,
905 1408 1039 1447 arbore,
1066 1408 1172 1451 loqui,
1198 1408 1340 1448 decoris,
1364 1408 1446 1448 ales,

269 1463 338 1488 ore,
358 1452 533 1489 dentibus,
552 1452 732 1494 ingemuit,
754 1452 932 1494 deceptus,
951 1453 1095 1484 virtute.

610 1635 754 1674 FABLE
786 1636 833 1674 X.
869 1637 914 1685 (1.
949 1638 1028 1685 29).

277 1726 436 1762 CANIS
463 1727 533 1759 ET
559 1726 892 1760 THESAURUS
923 1726 993 1759 ET
1018 1726 1351 1763 VULTURIUS.

550 1805 605 1837 Set
622 1810 678 1837 not
693 1816 781 1846 your
797 1805 893 1836 heare
909 1815 951 1837 on
966 1805 1085 1838 riches.

238 1882 346 1921 Haec
366 1895 428 1921 res
448 1881 578 1920 avaris
598 1891 670 1923 (143)
690 1894 773 1919 esse
795 1881 1033 1919 conveniens
1053 1886 1197 1932 potest,

182 1945 246 1989 Et,
270 1945 337 1995 qui
358 1944 527 1982 humiles
549 1944 631 1982 nati
651 1952 735 1990 (115),
758 1942 837 1981 dici
857 1943 1071 1994 locupletes
1092 1953 1165 1987 (122)
1183 1943 1356 1983 student.

239 2007 425 2045 Humana
446 2005 635 2044 effodiens
656 2018 745 2043 ossa
765 2005 997 2043 thesaurum
1018 2006 1125 2044 canis

183 2068 367 2116 Invenit;
398 2073 447 2115 et,
471 2067 640 2106 violarat
661 2067 754 2117 quia
774 2067 913 2105 Manes
933 2067 1040 2114 deos,

185 2130 334 2169 Iniecta
353 2134 412 2168 est
431 2129 490 2168 illi
509 2138 580 2171 (144)
602 2128 835 2167 divitiarum
853 2137 925 2172 (175)
946 2128 1155 2180 cupiditas,
1433 2147 1451 2182 5

185 2192 337 2232 Poenas
357 2196 403 2231 ut
422 2196 579 2231 sanctae
601 2191 782 2244 religioni
801 2201 872 2234 (140)
891 2191 1085 2242 penderet
1102 2200 1173 2235 (243,
1188 2201 1224 2235 2).
