1561 2439
194 105 243 140 26
487 115 740 144 SELECTIONS
769 116 885 145 FROM
914 117 1154 148 PHAEDRUS.

191 209 240 248 In
260 217 337 260 qua
356 212 521 249 retentis
542 212 755 262 impeditus
776 213 972 260 cornibus,
1417 238 1456 260 10

190 270 372 309 Lacerari
393 274 523 322 coepit
543 274 736 312 morsibus
757 275 882 313 saevis
903 289 1054 314 canum.

190 332 301 371 Tunc
321 334 491 371 moriens
512 348 649 372 vocem
668 335 769 373 hanc
790 336 959 375 edidisse
979 337 1148 379 dicitur:

193 398 216 415 “
229 394 263 433 O
283 408 345 433 me
366 405 437 438 (233)
455 396 653 434 infelicem
670 400 676 434 !
707 397 775 447 qui
795 411 901 436 nunc
921 399 1081 437 demum
1101 399 1291 451 intelligo,

190 456 320 494 Utilia
339 457 438 494 mihi
457 466 531 500 (143)
550 461 669 508 quam
690 459 842 497 fuerint
861 468 942 504 (242),
966 474 1066 511 quae
1087 461 1354 512 despexeram,

189 517 250 566 Et,
275 532 373 568 quae
393 518 607 567 laudaram,
630 525 824 570 quantum
844 521 975 560 luctus
994 531 1067 564 (173)
1087 523 1299 562 habuerint
1312 525 1341 562 ''.
1417 542 1454 577 15

190 605 524 645 Panse—Laudatis,
539 608 798 648 contempseris,
812 609 953 647 exserit,
966 610 1109 647 restitit,
1125 610 1282 652 effigiem,
1296 611 1451 651 nimiam,

274 652 476 722 fenantstm,
495 650 612 689 elusit,
631 651 814 691 morsibus,
833 653 994 692 moriens,
1013 653 1198 693 infelicem,
1218 653 1452 696 despexeram,

290 695 401 723 uetus.

588 829 730 867 FABLE
759 829 869 869 XVI.
903 831 973 883 (II.
1006 833 1058 881 4).

476 918 693 961 AQUILA,
721 919 889 962 FELIS,
919 921 988 953 ET
1013 921 1165 954 APER.

439 996 469 1027 A
490 997 607 1029 double
624 1002 743 1039 conque
760 1009 874 1030 causes
891 999 1018 1030 endless
1033 999 1195 1041 mischief.

244 1073 389 1123 Aquila
408 1073 449 1111 in
470 1074 628 1113 sublimi
649 1089 795 1125 quercu
816 1075 956 1113 nidum
976 1074 1145 1115 fecerat:

186 1138 218 1176 F
221 1138 301 1184 elis,
325 1152 532 1177 cavernam
553 1146 668 1177 nacta
687 1140 728 1177 in
749 1140 890 1187 media,
913 1146 1145 1190 pepererat:

187 1200 261 1238 Sus
282 1200 580 1238 nemoricultrix
600 1201 726 1239 fetum
747 1201 797 1239 ad
818 1202 939 1240 imam
959 1209 1153 1253 posuerat.

185 1261 286 1300 Tum
308 1262 520 1300 fortuitum
540 1263 626 1300 felis
648 1263 952 1302 contubernium

183 1324 340 1363 Fraude
361 1330 400 1363 et
420 1324 584 1363 scelesta
604 1325 657 1363 sic
679 1326 823 1364 evertit
842 1326 1006 1365 malitia..
1435 1345 1452 1380 5

185 1387 249 1425 Ad
270 1387 409 1425 nidum
430 1387 585 1425 scandit
606 1387 799 1425 volucris:
833 1392 853 1409 “
869 1389 1069 1427 Pernicies
1083 1390 1112 1437 ’',
1135 1388 1202 1438 ait,

187 1449 311 1487 “Tibi
333 1454 506 1500 paratur,
529 1450 660 1487 forsan
682 1455 722 1488 et
743 1451 907 1489 miserae
927 1451 1037 1489 mihi.

184 1511 288 1549 Nam
308 1511 441 1550 fodere
462 1521 534 1554 (175)
553 1517 699 1550 terram
719 1512 826 1562 quod
846 1512 957 1552 vides
978 1513 1157 1564 quotidie

184 1573 338 1623 Aprum
358 1573 602 1620 insidiosum,
625 1587 814 1624 quercum
836 1574 922 1612 vult
943 1581 1128 1624 evertere,

188 1634 243 1673 Ut
262 1640 439 1673 nostram
460 1636 500 1673 in
523 1635 640 1686 plano
660 1636 772 1674 facile
793 1636 1022 1687 progeniem
1043 1637 1241 1688 opprimat
1254 1636 1282 1674 '’.
1414 1656 1452 1680 10

183 1696 348 1735 Terrore
368 1707 440 1740 (155)
459 1698 584 1736 offuso
606 1705 646 1735 et
666 1699 911 1748 perturbatis
932 1699 1111 1737 sensibus
1132 1709 1214 1747 (155),

184 1759 350 1810 Derepit
370 1759 420 1798 ad
441 1760 568 1798 cubile
589 1766 742 1798 setosae
763 1761 843 1798 suis
861 1776 869 1799 z

186 1825 208 1843 “
221 1821 369 1872 Magno
385 1821 415 1869 ³²,
439 1822 582 1872 inquit,
610 1822 687 1860 “in
707 1823 852 1872 periclo
873 1828 967 1861 sunt
986 1823 1071 1861 nati
1091 1824 1161 1862 tui.

184 1884 287 1922 Nam
308 1883 424 1922 simul
445 1884 588 1922 exieris
609 1889 768 1935 pastum
788 1895 859 1927 (225)
879 1899 968 1923 cum
987 1890 1124 1924 tenero
1144 1898 1274 1937 grege,

182 1946 330 1997 Aquila
351 1952 411 1985 est
430 1954 567 1997 parata
587 1960 724 1997 rapere
747 1946 936 1997 porcellos
955 1947 1028 1986 tibi
1043 1946 1072 1985 ”.
1412 1964 1450 2000 15

184 2009 302 2046 Hunc
323 2022 479 2059 quoque
500 2009 642 2047 timore
661 2017 735 2052 (151)
753 2014 965 2059 postquam
985 2008 1199 2060 complevit
1218 2009 1357 2055 locum,

182 2070 331 2109 Dolosa
351 2077 438 2109 tuto
459 2071 639 2110 condidit
659 2084 742 2109 sese
763 2084 867 2109 cavo.

183 2133 283 2172 Inde
304 2140 468 2184 evagata
488 2139 609 2172 noctu
629 2146 819 2184 suspenso
840 2133 950 2183 pede,

185 2195 269 2234 Ubi
290 2202 377 2234 esca
395 2204 465 2236 (151)
486 2209 525 2234 se
546 2195 715 2246 replevit
735 2201 776 2234 et
795 2195 947 2246 prolem
967 2208 1088 2242 suam,
