1561 2439
214 57 262 94 34
505 65 756 95 SELECTIONS
786 65 903 94 FROM
931 65 1171 95 PHAEDRUS.

211 161 287 210 Qui
307 162 518 201 dissolutos
539 175 667 200 mores
688 163 726 199 vi
748 166 1013 213 compesceret
1033 171 1111 204 (244).

212 224 329 262 Pater
349 224 513 262 deorum
533 224 632 271 risit,
657 229 775 274 atque
795 223 875 262 illis
896 223 1009 263 dedit

210 285 382 323 Parvum
401 285 573 336 tigillum
592 301 598 323 :
628 285 793 323 missum
813 285 920 336 quod
941 286 1073 324 subito
1093 284 1204 323 vadis

209 347 325 385 Motu
345 360 520 397 sonoque
542 347 686 385 terruit
706 347 896 397 pavidum
915 361 1048 398 genus.
1435 364 1472 399 15

209 407 296 446 Hoc
315 422 487 447 mersum
508 409 602 446 limo
623 422 744 459 quum
764 409 909 447 iaceret
927 417 997 452 (243,
1011 417 1040 450 4)
1058 407 1218 455 diutius,

208 469 326 508 Forte
347 484 425 508 una
444 470 564 508 tacite
585 470 735 520 profert
754 483 775 509 e
795 475 934 521 stagno
956 475 1085 520 caput,

208 531 268 578 Et,
292 532 497 581 explorato
518 545 619 582 rege,
643 537 803 570 cunctas
824 538 973 570 evocat.

208 592 312 640 Illae,
337 594 478 631 timore
499 593 641 644 posito,
663 594 845 631 certatim
865 593 1069 640 adnatant,

208 654 456 705 Lignumque
477 668 596 705 supra
615 655 732 693 turba
753 654 934 705 petulans
955 654 1090 692 insilit.
1432 674 1474 697 20

207 715 321 764 Quod
341 729 464 767 quum
484 717 758 767 inquinassent
777 726 846 760 (243,
861 726 887 758 4)
907 717 1015 755 omni
1035 715 1283 763 contumelia,

208 777 344 816 Alium
365 784 547 829 rogantes
567 792 700 829 regem
719 778 860 816 misere
881 778 931 816 ad
951 777 1100 824 Iovem,

207 841 365 881 Inutilis
387 843 573 893 quoniam
593 848 695 881 esset
715 852 796 889 (251),
819 843 886 893 qui
906 843 1037 881 fuerat
1056 842 1184 884 datus,

206 906 309 945 Tum
328 907 436 946 misit
456 907 535 946 illis
555 907 741 958 hydrum,
765 908 833 958 qui
855 907 974 946 dente
995 920 1133 958 aspero

207 968 412 1020 Corripere
434 970 564 1020 coepit
584 969 769 1022 singulas.
829 969 994 1008 Frustra
1015 982 1149 1008 necem
1431 986 1472 1020 25

206 1030 397 1082 Fugitant
417 1032 563 1070 inertes
580 1047 590 1079 3
620 1045 755 1070 vocem
777 1031 999 1082 praecludit
1018 1038 1156 1069 metus.

206 1092 363 1131 Furtim
383 1094 507 1145 igitur
527 1094 624 1132 dant
644 1093 842 1131 Mercurio
864 1092 1053 1132 mandata
1074 1092 1124 1131 ad
1145 1092 1291 1139 Iovem,

207 1156 375 1193 Afflictis
396 1162 441 1194 ut
462 1162 663 1194 succurrat
682 1167 764 1199 (241).
823 1156 934 1194 Tunc
955 1159 1092 1194 contra
1112 1155 1219 1202 deus,

210 1221 231 1237 “
246 1217 348 1265 Quia
367 1218 550 1256 noluistis
572 1224 749 1256 vestrum
769 1218 870 1256 ferre
884 1217 914 1265 ⁷²,
938 1217 1081 1268 inquit,
1108 1221 1129 1237 ‘⁴
1145 1217 1303 1263 bonum,

205 1279 359 1318 Malum
379 1280 550 1330 perferte
564 1282 591 1315 ”.
656 1284 678 1300 “
694 1279 776 1318 Vos
796 1283 961 1330 quoque,
986 1293 1008 1318 o
1029 1279 1133 1318 cives
1148 1278 1179 1325 ''‚
1203 1279 1267 1325 ait,
1435 1296 1475 1328 30

209 1345 231 1362 “
247 1342 333 1380 Hoc
354 1342 558 1389 sustinete,
581 1342 706 1380 maius
726 1355 776 1380 ne
797 1342 933 1380 veniat
954 1353 1022 1385 (243,
1038 1352 1064 1384 2)
1083 1341 1231 1379 malum
1245 1343 1273 1378 ’'.

208 1441 516 1475 Panse—Miscuit.
537 1441 654 1480 solvit,
673 1440 808 1479 flerent,
833 1441 988 1479 insuetis,
1013 1450 1111 1477 onus,
1136 1439 1341 1481 coepissent,
1362 1437 1470 1479 queri,

291 1485 442 1523 rettulit,
462 1488 639 1525 vagantes,
657 1485 800 1525 petiere,
816 1494 978 1521 mersum,
993 1482 1139 1525 profert,
1155 1482 1281 1524 posito,
1297 1481 1471 1519 certatim,

291 1528 414 1566 insilit,
434 1529 609 1569 quoniam,
628 1537 758 1565 necem,
778 1526 929 1565 afflictis,
948 1530 1096 1568 quoque,
1116 1526 1238 1558 maius.

249 1604 334 1654 Pick
352 1608 414 1679 (zm
430 1604 477 1636 all
494 1604 553 1636 the
570 1604 729 1643 adverbs,
748 1603 818 1636 and
839 1614 985 1646 arrange
1008 1603 1106 1635 them
1125 1601 1312 1644 according
1327 1604 1365 1633 to
1380 1601 1475 1633 their

208 1652 356 1679 termina
376 1658 461 1679 lons.

579 1811 720 1849 FABLE
750 1809 900 1849 XXIX.
936 1809 984 1860 (I.
1018 1811 1097 1857 28).

558 1908 772 1943 VULPES
800 1908 871 1941 ET
897 1906 1126 1942 CICONIA.

497 1995 548 2028 As
563 2007 630 2037 you
646 1996 728 2027 have
744 2006 833 2027 sown
849 2006 883 2026 so
901 2005 967 2036 you
985 1999 1069 2026 must
1087 2004 1179 2034 νεαρ.

264 2081 374 2120 Nulli
393 2080 616 2120 nocendum
637 2090 709 2122 (222)
725 2096 731 2119 ;
751 2080 784 2118 si
804 2080 892 2130 quis
911 2082 1006 2118 vero
1026 2078 1196 2125 laeserit,

213 2143 469 2182 Multandum
487 2152 562 2185 (221)
581 2142 701 2181 simili
720 2142 805 2181 iure
824 2141 969 2181 fabella
988 2141 1186 2179 admonet.
