1561 2439
397 105 649 136 SELECTIONS
679 105 795 133 FROM
824 103 1062 133 PHAEDRUS.

454 247 597 286 FABLE
626 246 824 285 XXXIII.
857 246 903 296 (1.
939 246 1016 296 11).

357 347 558 381 ASINUS
585 347 656 380 ET
683 346 786 380 LEO
812 345 1112 379 VENANTES.

423 436 453 468 A
475 436 637 477 brayyart
653 436 796 476 imposes
812 446 855 467 οη
871 446 954 476 very
961 435 1041 475 few.

156 524 329 564 Virtutis
349 538 499 574 expers,
523 524 653 562 verbis
674 523 825 561 iactans
845 522 1024 573 gloriam,

101 585 263 638 Ignotos
284 586 396 631 fallit,
421 586 524 623 notis
546 591 605 623 est
625 585 774 623 derisui
794 593 876 627 (147).

155 648 312 693 Venari,
340 646 456 687 asello
477 647 630 693 comite,
654 660 774 697 quum
797 646 917 684 vellet
937 646 1010 691 leo,

100 709 291 748 Contexit
310 709 422 747 illum
443 709 596 755 frutice,
620 713 660 747 et
680 708 890 746 admonuit
910 708 1039 755 simul,

100 771 160 810 Ut
179 771 335 809 insueta
354 784 448 809 voce
468 776 636 809 terreret
655 771 769 814 feras,

99 833 314 883 Fugientes
334 833 416 883 ipse
438 832 650 882 exciperet.
709 832 785 870 Hic
807 831 1003 870 auritulus

100 894 323 933 Clamorem
345 894 476 932 subito
498 895 594 931 totis
615 894 722 932 tollit
742 894 905 939 viribus,

100 959 292 1010 Novoque
313 959 450 997 turbat
470 960 617 997 bestias
638 959 837 997 miraculo.

101 1022 209 1070 Quae
230 1021 325 1059 dum
346 1028 535 1071 paventes
556 1021 685 1058 exitus
706 1028 820 1058 notos
841 1025 995 1071 petunt,

99 1083 244 1121 Leonis
265 1083 494 1133 affliguntur
514 1083 711 1121 horrendo
732 1083 894 1133 impetu.

100 1145 177 1193 Qui
199 1147 408 1196 postquam
430 1145 546 1184 caede
568 1145 691 1183 fessus
712 1150 781 1191 est,
806 1145 957 1182 §sinum
981 1152 1126 1182 evocat.

100 1207 295 1257 Iubetque
317 1220 453 1245 vocem
474 1220 662 1256 premere.
722 1206 833 1244 Tunc
854 1206 919 1244 ille
941 1206 1126 1245 insolens.

103 1271 275 1319 “Qualis
296 1271 457 1310 videtur
477 1284 596 1321 opera
616 1270 691 1309 tibi
712 1271 817 1309 vocis
838 1284 948 1309 meae
965 1270 1007 1309 2⁷³

103 1338 124 1354 “
140 1333 347 1386 Insignis‚’'
369 1334 501 1384 inquit
520 1349 527 1380 ;
561 1336 582 1354 “
598 1333 664 1379 sic,
687 1338 743 1380 ut,
765 1333 842 1370 nisi
862 1335 1016 1371 nossem
1038 1344 1106 1375 (243,
1122 1343 1148 1374 5)
1168 1339 1280 1371 tuum

1318 96 1339 132 02

1334 1103 1372 1125 10

101 1396 289 1434 Animum
310 1409 523 1447 genusque,
548 1395 665 1433 simili
687 1395 877 1446 fugissem
897 1404 966 1438 (243,
983 1408 995 1432 1
1009 1406 1039 1436 -f-
1053 1408 1108 1438 243,
1124 1406 1152 1438 5)
1171 1396 1317 1434 metu.’'
1334 1415 1370 1448 15

101 1483 422 1521 Fame—Virtutis,
453 1483 557 1519 fallit,
587 1482 728 1520 derisui,
761 1483 898 1522 comite,
930 1483 1077 1523 insueti-2,
1111 1483 1218 1523 tollit,
1253 1483 1368 1523 caede,

187 1527 297 1559 fessus
314 1529 378 1565 est,
397 1536 565 1568 premere,
583 1528 729 1558 nossem.

459 1717 601 1756 FABLE
632 1717 824 1755 XXXIV.
859 1716 928 1769 (ΙΙ.
963 1719 1013 1766 3).

511 1817 666 1852 HOMO
695 1817 764 1850 ET
792 1816 962 1851 CANIS.

250 1907 316 1940 The
330 1907 525 1949 prosperity
540 1907 584 1948 of
592 1907 643 1938 tlte
660 1905 784 1938 wicked
800 1917 1003 1947 encouragyes
1019 1906 1226 1940 wz'ckedness.

153 1995 363 2034 Leceratus
384 1994 547 2046 quidam
567 2007 701 2033 morsu
720 1994 969 2033 vehementis
990 1995 1107 2042 canis,

100 2057 286 2096 Tinctum
307 2071 443 2096 cruore
464 2070 607 2108 panem
627 2057 736 2094 misit
756 2056 932 2095 malefico
950 2073 958 2105 3

99 2120 293 2159 Audierat
314 2133 397 2159 esse
417 2129 490 2163 (247)
509 2119 615 2170 quod
635 2119 855 2157 remedium
876 2119 1061 2157 vulneris.

100 2182 211 2221 Tunc
232 2182 286 2221 sic
305 2182 511 2233 Aesopus:
537 2181 668 2220 “Noli
690 2195 819 2219 coram
842 2182 1020 2231 pluribus
