1561 2439
199 53 250 90 30
493 62 746 91 SELECTIONS
775 63 892 92 FROM
921 65 1161 95 PHAEDRUS.

200 161 223 179 “
237 158 309 196 Est
329 158 448 196 statio
469 164 661 209 separata,
683 173 727 198 ac
747 160 949 199 diversum
968 175 1092 212 genus
1107 177 1117 210 3

198 218 288 263 Sed,
310 219 446 269 pulsus
466 234 587 271 reguo
606 229 679 263 (149)
698 222 883 268 nemoris,
905 223 974 273 qui
994 224 1225 275 profugerit,

197 281 360 319 Paludis
380 281 422 319 in
442 288 592 320 secreta
611 283 745 321 veniet
764 283 932 322 latibula

196 342 248 380 Et
267 342 512 392 proculcatas
533 344 687 382 obteret
708 344 807 382 duro
828 346 941 395 pede.
1425 369 1464 392 10

196 403 326 454 Caput
346 405 403 443 ita
423 405 473 443 ad
495 412 675 444 nostrum
694 406 804 444 furor
823 407 981 446 illorum
1001 409 1176 458 pertinet
1190 408 1219 447 ''.

197 491 306 522 Par-se
317 491 508 530 —Intuens‚
536 503 606 531 cur,
632 494 756 535 gregis,
781 504 897 536 regno,
919 495 1124 537 profugerit,
1149 495 1308 535 latibula,
1326 497 1460 539 procul-

281 538 389 573 catas,
408 535 556 567 obteret.

581 701 724 740 FABLE
753 701 887 741 XXII.
920 703 968 754 (Ι.
994 703 1072 754 26).

534 789 678 823 RANA
705 790 889 824 RUPTA
915 791 986 824 ET
1013 791 1122 825 BOS.

456 867 505 899 Be
521 867 670 908 sati.5fied
687 867 765 899 with
781 879 868 909 your
883 879 955 900 own
970 874 1052 901 state
1069 871 1104 901 in
1119 869 1189 910 life.

248 944 379 994 Inops,
401 949 608 994 potentem
628 943 723 981 dum
744 943 830 982 vult
851 944 1009 991 imitari,
1032 945 1146 996 perit.

248 1005 295 1044 In
316 1011 430 1056 prato
451 1006 652 1056 quondam
671 1019 768 1043 rana
788 1006 994 1056 conspexit
1014 1007 1167 1054 bovem,

193 1067 245 1105 Et
264 1073 370 1105 tacta
389 1067 542 1106 invidia
561 1073 696 1105 tantae
716 1067 1003 1118 magnitudinis
1024 1078 1105 1115 (175),

193 1129 395 1180 Rugosam
414 1129 570 1167 inflavit
590 1129 733 1179 pellem
750 1145 756 1167 :
779 1135 864 1167 tum
885 1135 999 1177 natos
1020 1143 1110 1168 suos

193 1190 462 1241 Interrogavit
482 1205 533 1229 an
553 1191 654 1230 bove
674 1196 777 1229 esset
796 1200 867 1232 (242)
887 1191 1015 1230 latior.
1440 1213 1457 1246 5

193 1255 257 1293 Illi
278 1258 484 1306 negarunt.
544 1256 698 1294 Rursus
717 1255 892 1293 intendit
912 1260 1045 1294 cutem

193 1317 345 1355 Maiore
366 1318 467 1366 nisu,
491 1323 530 1356 et
552 1317 669 1356 simili
690 1317 888 1368 quaesivit
906 1317 1035 1364 modo,

192 1379 290 1427 Quis
310 1380 436 1418 maior
456 1385 558 1418 esset
578 1389 659 1422 (242).
720 1379 784 1417 Illi
805 1379 995 1418 dixerunt
1014 1380 1167 1418 bovem.

192 1441 416 1480 Novissime
437 1441 652 1492 indignata,
677 1441 774 1479 dum
793 1441 882 1479 vult
900 1441 1071 1479 validius

193 1503 336 1542 Inflare
357 1517 451 1550 sese,
474 1508 592 1554 rupto
613 1504 734 1541 iacuit
753 1517 913 1554 corpore
934 1515 1012 1545 (155).
1419 1525 1457 1548 10

192 1591 446 1629 Parae—Vult,
466 1591 609 1629 imitari,
628 1590 762 1629 bovem,
789 1592 973 1632 negarunt,
991 1594 1118 1629 cutem,
1138 1595 1239 1630 esset,
1258 1590 1451 1634 indignata,

276 1637 391 1675 rupto.

562 1775 704 1814 FABLE
734 1774 890 1814 XXIII.
923 1775 972 1826 (I.
1006 1777 1084 1825 27).

503 1863 661 1898 CANIS
689 1863 760 1897 ET
786 1863 1143 1898 CORCODILUS.

459 1943 552 1984 Keep
568 1954 655 1984 your
671 1942 786 1974 advice
794 1942 858 1983 for
874 1943 961 1974 those
978 1943 1050 1974 that
1066 1942 1127 1975 ask
1142 1944 1178 1975 it.

243 2018 417 2058 Consilia
437 2020 505 2070 qui
526 2019 625 2058 dant
644 2033 765 2070 prava
785 2020 910 2058 cautis
930 2019 1167 2067 hominibus,

190 2081 243 2120 Et
262 2081 434 2132 perdunt
453 2095 622 2132 operam,
646 2087 686 2120 et
706 2081 937 2120 deridentur
956 2082 1135 2133 turpiter.

243 2144 370 2183 Canes
390 2149 592 2184 currentes
612 2143 747 2184 bibere
768 2154 837 2186 (240)
856 2143 898 2182 in
918 2143 1014 2183 Nilo
1033 2144 1205 2193 flumine,
