1561 2439
114 356 572 412 SELEGTIONS
635 356 849 411 FROM
906 357 1339 413 PHAEDRUS.

598 550 768 597 PART
805 550 840 597 I.

522 668 666 706 FABLE
695 668 724 707 I.
758 669 802 719 (I.
840 669 917 718 23).

389 757 492 790 LEO
527 756 706 790 SENEX
741 757 811 789 ET
844 757 1053 792 ASINUS.

229 835 272 867 In
288 836 424 868 (listress
440 847 518 867 even
534 836 585 867 the
603 835 700 867 brcwe
718 835 843 867 become
860 847 881 867 α
890 836 957 877 jesi
965 836 1030 876 for
1046 836 1206 868 cowarcls.

139 910 371 962 Quicunque
392 922 445 953 (68)
465 912 597 950 amisit
617 912 856 962 dignitatem
878 912 1095 962 pristinam,

86 972 246 1024 Ignavis
267 974 386 1011 etiam
407 974 515 1012 iocus
537 978 596 1012 est
616 973 656 1011 in
678 987 767 1011 casu
789 974 911 1025 gravi.

139 1035 327 1073 Defectus
348 1035 460 1074 annis
479 1044 551 1078 (158)
571 1041 611 1074 et
631 1035 811 1074 desertus
833 1035 983 1074 viribus
1003 1046 1076 1079 (149)

84 1096 165 1135 Leo
186 1110 309 1148 quum
332 1099 476 1136 iaceret
500 1109 568 1141 (243,
583 1107 619 1145 4),
644 1097 828 1147 spiritum
849 1103 1072 1136 extremum
1094 1098 1264 1146 trahens,

84 1159 194 1209 Aper
213 1159 415 1197 fulmineis
436 1159 486 1197 ad
507 1173 597 1198 enim
619 1159 729 1197 venit
750 1159 936 1197 dentibus
956 1169 1038 1207 (154),
1333 1178 1351 1213 5

84 1220 137 1259 Et
156 1221 374 1259 vindicavit
394 1221 473 1259 ictu
496 1230 567 1263 (157)
586 1227 762 1259 veterem
781 1230 838 1263 (47)
857 1221 1052 1259 iniuriam.

83 1282 243 1321 Infestis
265 1288 400 1321 taurus
420 1296 513 1321 mox
534 1283 709 1321 confodit
729 1283 912 1321 cornibus
932 1293 1002 1323 (157)

84 1344 240 1383 Hostile
261 1358 410 1395 corpus.
472 1345 632 1392 Asinus,
656 1351 702 1383 ut
723 1344 826 1382 vidit
846 1345 975 1383 ferum

83 1406 251 1457 Impune
271 1407 376 1445 laedi
397 1418 478 1453 (240),
501 1407 671 1445 calcibus
690 1415 763 1449 (157)
782 1407 954 1445 frontem
975 1407 1133 1447 exterit.

83 1470 138 1507 At
158 1469 224 1508 ille
245 1469 460 1520 exspirans,
488 1469 661 1507 “Fortes
683 1469 846 1519 indigne
867 1469 942 1507 tuli
1312 1490 1350 1514 10

82 1531 183 1569 Mihi
203 1540 275 1573 (144)
295 1531 485 1569 insultare
505 1540 599 1573 (24T):
630 1537 680 1577 te,
702 1536 868 1569 naturae
888 1531 1056 1570 dedecus
1078 1542 1158 1580 (127),

83 1592 198 1641 Quod
218 1593 319 1631 ferre
340 1606 468 1643 cogor,
491 1595 596 1631 certe
618 1593 678 1631 bis
699 1593 838 1632 videor
856 1594 956 1631 mori
971 1596 989 1611 '²
1009 1603 1090 1636 (115).

82 1680 377 1718 Parsa—Amisit,
401 1691 494 1718 casn,
514 1680 682 1717 defectus,
702 1680 870 1718 desertus,
895 1681 1036 1719 iaceret,
1059 1680 1233 1720 dentibus,
1256 1685 1346 1715 vete-

168 1734 251 1763 rem,
271 1723 437 1763 confodit,
457 1723 558 1762 laedi,
578 1723 742 1761 calc-ibim,
762 1723 839 1762 tuli,
861 1723 1019 1763 dedecus,
1041 1735 1154 1766 cogor,
1174 1725 1271 1757 mori.

520 1853 662 1892 FABLE
692 1853 744 1893 II.
776 1854 823 1901 (Ι.
858 1856 910 1903 6).

497 1943 676 1976 RANAE
712 1943 782 1976 ET
816 1942 932 1977 SOL.

331 2021 445 2053 Bettcr
462 2022 532 2053 that
549 2032 667 2062 royues
682 2021 802 2053 should
818 2026 874 2053 not
891 2021 926 2053 be
938 2027 1090 2062 parents.

134 2096 265 2136 Vicini
286 2097 384 2136 furis
405 2108 477 2141 (170)
496 2098 666 2137 celebres
685 2106 740 2140 (45)
760 2097 862 2135 vidit
883 2097 1041 2148 nuptias

80 2158 259 2210 Aesopus
279 2165 319 2198 et
338 2160 525 2199 continuo
546 2173 705 2198 narrare
724 2160 887 2210 incipit:

218 2219 271 2252 (Μ
285 2221 317 2246 36
329 2220 341 2252 )
688 2231 718 2256 17
1185 2227 1203 2249 13
