1561 2439
375 93 628 123 SELECTIONS
657 94 774 122 FROM
803 94 1041 123 PHAEDRUS.
1299 85 1347 122 19

501 223 642 260 FABLE
671 223 740 261 IV.
775 223 844 273 (II.
878 225 919 273 8)

424 312 563 345 MULI
602 312 672 344 ET
707 311 992 346 LATRONES

248 391 315 421 The
330 400 417 430 poor
432 389 514 420 lawe
523 390 604 428 few,
624 390 676 421 thre
692 390 763 421 rich
781 401 885 431 many
901 390 1182 431 responsibilz'ties.

132 466 235 504 Muli
254 467 409 517 gravati
430 466 593 505 sarcinis
614 476 684 507 (156)
704 466 817 504 ibant
838 465 915 504 duo
933 483 939 505 :

79 527 194 567 Unus
214 529 367 567 ferebat
388 529 499 566 fiscos
521 542 611 566 cum
631 528 808 578 pecunia,

77 589 193 628 Alter
211 595 411 628 tumentes
433 590 558 628 multo
580 603 709 628 saccos
729 589 877 628 hordeo
896 599 978 633 (158).

78 651 151 689 Ille
171 664 289 690 onere
309 660 382 694 (158)
401 651 524 699 dives,
548 651 650 689 celsa
663 651 813 690 cervice
834 661 907 694 (154)
927 653 1113 691 eminens,

78 713 317 764 Clarumque
338 713 438 751 collo
458 721 530 754 (163)
549 714 699 751 iactans
721 714 1033 752 tintinnabulum
1330 732 1346 766 5

77 774 219 813 Comes
239 775 374 826 quieto
395 775 575 825 sequitur
595 779 635 812 et
656 775 811 825 placido
831 775 955 825 gradu
977 788 1048 815 <2542

78 836 218 875 Subito
239 837 412 875 latrones
432 850 482 875 ex
502 836 657 874 insidiis
678 836 876 882 advolant,

76 898 265 949 Interque
287 899 446 937 caedem
466 899 570 937 ferro
591 898 743 936 mulum
764 900 954 937 trusitant
975 910 1036 942 (96).

76 959 283 1011 Diripiunt
303 974 495 1006 nummos,
519 960 728 1011 negligunt
749 961 826 999 vile
848 961 1052 1000 hordeum.

77 1021 276 1072 Spoliatus
297 1022 418 1073 igitur
438 1028 547 1060 cassis
568 1036 689 1072 quum
710 1022 821 1061 fieret
839 1031 910 1066 (243,
925 1033 951 1063 4)
972 1037 1077 1071 SUOS,
1308 1043 1347 1066 10

78 1083 309 1135 “Equidem
325 1083 355 1132 '',
378 1085 510 1135 inquit
530 1084 640 1132 alter,
667 1089 688 1105 “
702 1098 764 1123 me
781 1090 1054 1136 contemptum
1074 1095 1146 1128 (175)
1165 1085 1320 1138 gaudeo
1335 1101 1345 1134 3

76 1145 181 1184 Nam
202 1146 301 1184 nihil
322 1146 448 1194 amisi,
471 1160 542 1192 nec
562 1160 649 1184 sum
670 1146 796 1185 laesus
818 1147 1012 1185 vulnere⁷⁷
1033 1158 1112 1188 (157).

132 1210 218 1249 Hoc
239 1216 471 1261 argumento
490 1220 564 1253 (155)
582 1217 670 1249 tuta
690 1218 750 1249 est
769 1211 977 1249 hominum
997 1212 1182 1258 tenuitas,

78 1272 248 1323 Magnae
268 1272 413 1324 periclo
434 1278 528 1311 sunt
550 1285 642 1323 opes
663 1273 857 1311 obnoxiae

78 1370 397 1411 Parsa—sarcinis,
424 1373 611 1409 tumentes,
638 1370 778 1409 hordeo,
805 1371 913 1411 dives,
939 1372 1086 1411 insidiis,
1112 1372 1262 1411 caedem,
1288 1383 1344 1403 ne-

164 1414 314 1457 gligunt,
333 1420 442 1453 cassis,
461 1425 527 1453 me,
546 1415 657 1453 amisi,
676 1418 891 1457 argumento,
912 1415 1051 1457 periclo.

502 1618 645 1656 FABLE
674 1618 720 1657 V.
757 1619 802 1670 (I.
839 1619 916 1668 33).

383 1707 615 1741 MILVIUS
643 1708 713 1740 ET
740 1708 1048 1742 COLUMBAE.

389 1786 529 1817 Beware
546 1786 652 1817 whom
667 1797 735 1827 you
751 1786 812 1817 ask
819 1787 884 1826 sor
899 1787 1025 1818 advice.

134 1862 209 1910 Qui
229 1876 269 1901 se
290 1862 505 1901 committit
525 1863 676 1901 homini
698 1873 767 1905 (141)
787 1863 1002 1901 tutandum
1023 1863 1215 1914 improbo,

79 1923 244 1963 Auxilia
265 1924 359 1962 dum
380 1925 548 1975 requirit
568 1935 636 1969 (243,
651 1934 689 1973 4),
713 1925 882 1963 exitium
902 1926 1067 1964 invenit.

134 1986 348 2025 Columbae
369 2000 484 2037 saepe
505 2000 627 2037 quum
647 1987 844 2038 fugissent
863 1997 933 2031 (243,
947 1998 973 2029 4)
993 1987 1186 2036 milvium,

79 2048 132 2087 Et
151 2047 350 2086 celeritate
370 2056 442 2091 (157)
461 2062 614 2099 pennae
634 2049 828 2087 vitassent
847 2062 993 2097 necem,

80 2110 300 2149 Consilium
319 2116 456 2162 raptor
475 2111 597 2150 vertit
617 2111 667 2150 ad
687 2111 892 2160 fallaciam,
1325 2129 1345 2164 5

80 2172 132 2211 Et
151 2186 275 2223 genus
295 2172 445 2211 inerme
466 2173 538 2212 tali
558 2174 715 2225 decepit
734 2174 825 2212 dolo
845 2183 940 2217 (154):
