1561 2439
385 58 644 89 SELEOTIONS
673 59 790 88 FROM
818 59 1061 89 PHAEDRUS.
1313 51 1359 87 31

93 155 133 197 A
150 156 355 196 corcodilis
374 170 424 195 ne
443 155 652 207 rapiantur
672 166 742 199 (243,
757 165 793 202 2),
816 155 1010 194 traditum
1031 160 1101 194 est.

93 219 225 271 Igitur
244 233 368 270 quum
388 232 549 257 currens
568 217 704 256 bibere
725 217 919 267 coepisset
937 226 1006 261 (243,
1020 229 1048 261 4)
1068 217 1186 265 canis,
1345 235 1362 269 5

93 280 159 320 Sic
179 281 409 328 corcodilus,
434 285 456 302 ‘⁶
473 279 703 328 Quamlibet
723 280 854 318 lambe
875 280 957 318 otio
976 295 986 328 3

93 342 259 390 Accede,
283 348 377 392 pota
396 342 548 390 leniter,
573 347 613 380 et
633 342 714 380 noli
733 351 808 385 (104)
827 341 938 380 dolos
953 342 983 389 ⁷³,

93 403 232 454 Inquit
255 408 275 426 ‘⁶
292 404 420 443 vereri
434 403 464 442 ''.
522 405 579 442 At
599 403 677 450 ille,
703 407 725 424 “
740 403 927 441 Facerem
949 414 1018 446 (243,
1034 412 1060 444 5)
1080 402 1315 449 mehercule,

92 465 181 504 Nisi
201 479 285 504 esse
303 474 376 509 (240)
396 465 535 504 scirem
559 474 629 508 (243,
644 474 672 508 5)
691 465 818 503 carnis
838 473 909 507 (175)
931 471 969 503 te
995 464 1184 515 cupidum
1204 478 1313 502 meae
1328 465 1355 501 ''.

94 552 475 592 Parse—Deridentur‚
508 555 700 602 currentes,
742 553 937 595 rapiantur,
979 552 1182 594 quamlibet,
1224 552 1360 591 accede,

181 607 305 635 vereri,
324 607 403 636 n1S1,
422 606 544 628 carnis.

470 736 613 775 FABLE
642 736 795 775 XXIV.
828 736 876 788 (I.
911 737 988 786 10).

261 825 444 860 LUPUS
472 826 542 858 ET
567 825 794 867 VULPES,
824 825 1013 859 IUDICE
1041 824 1205 860 SIMIO.

518 904 549 935 A
571 905 640 936 liar
654 904 736 936 lose-5
752 904 800 935 all
817 903 934 936 credit.

149 978 383 1031 Quicunque
403 981 512 1031 turpi
531 980 670 1019 fraude
691 980 811 1018 semel
832 980 1019 1027 innotuit,

95 1041 264 1080 Etiamsi
285 1056 423 1080 verum
442 1042 552 1090 dicit,
574 1043 726 1080 amittit
746 1041 876 1080 fidem.

95 1103 183 1142 Hoc
204 1109 418 1143 attestatur
437 1105 569 1143 brevis
590 1104 739 1155 Aesopi
760 1104 902 1142 fabula.

148 1165 284 1217 Lupus
304 1167 495 1217 arguebat
516 1166 676 1217 Vulpem
696 1167 793 1204 furti
813 1166 977 1205 crimine
995 1182 1001 1205 :

93 1228 277 1278 Negabat
297 1228 365 1266 illa
384 1242 425 1267 se
445 1242 527 1267 esse
547 1238 618 1270 (947)
639 1228 775 1278 culpae
796 1229 1029 1279 proximam.
1346 1247 1361 1279 ς

93 1289 205 1328 Tunc
225 1290 347 1328 iudex
367 1291 472 1328 inter
491 1290 579 1328 illos
600 1291 702 1328 sedit
723 1291 870 1329 simius.

93 1351 275 1403 Uterque
295 1366 451 1390 causam
473 1366 595 1402 quum
615 1354 865 1403 perorassent
884 1363 952 1396 (243,
967 1363 993 1393 4)
1014 1366 1134 1399 suam,

93 1412 253 1452 Dixisse
274 1414 399 1452 fertur
418 1414 553 1452 simius
575 1415 814 1453 sententiam
831 1430 840 1461 3

94 1480 117 1497 ‘⁴
134 1475 196 1514 Tu
215 1489 294 1514 non
315 1476 461 1514 videris
481 1476 711 1526 perdidisse,
734 1477 841 1527 quod
862 1486 932 1519 (123)
952 1477 1054 1527 petis
1072 1492 1081 1524 3

92 1536 149 1576 Te
169 1538 285 1576 credo
306 1539 541 1590 surripuisse
561 1548 643 1587 (247),
666 1539 772 1590 quod
791 1548 863 1581 (128)
883 1539 1047 1589 pulchre
1067 1553 1186 1590 negas
1199 1541 1227 1576 ²².
1324 1560 1362 1583 10

93 1624 421 1675 Parsa—innotuit,
440 1626 587 1665 amittit,
603 1627 755 1669 vulpem,
775 1628 979 1668 proximam,
996 1626 1137 1665 videris,
1153 1627 1359 1669 perdidisse,

180 1679 398 1711 surripuisse.

478 1777 621 1816 FABLE
652 1777 780 1816 XXV.
814 1778 862 1829 (I.
898 1779 974 1829 16).

423 1866 491 1899 EX
516 1866 735 1901 SUTORE
763 1866 1021 1901 MEDICUS.

469 1945 568 1976 Fools
584 1945 660 1986 help
677 1950 708 1977 to
725 1950 833 1977 create
849 1945 980 1978 lcmwes.

145 2019 276 2058 Malus
297 2033 420 2071 quum
440 2027 559 2069 sutor,
584 2022 721 2072 inopia
740 2021 982 2073 deperditus

91 2081 332 2121 Medicinam
352 2083 490 2134 ignoto
510 2083 636 2122 facere
657 2084 849 2135 coepisset
869 2084 966 2131 loco,

90 2142 143 2182 Et
162 2144 387 2183 venditaret
405 2155 463 2189 (96)
485 2146 582 2184 falso
603 2146 830 2185 antidotum
849 2147 1021 2195 nomine,
