1561 2439
402 85 655 116 SELECTIONS
684 85 801 114 FROM
829 85 1070 114 PHAEDRUS.
1323 76 1371 114 ‘29

601 241 773 288 PART
813 241 873 288 Π.

510 360 653 398 FABLE
682 359 772 398 XX.
808 358 877 409 (IL
910 358 964 411 1).

292 448 584 491 IUVENCUS,
614 448 729 489 LEO,
759 448 830 480 ET
858 446 1192 481 PRAEDATOR.

305 526 374 557 The
391 525 464 557 rich
481 536 539 556 are
556 535 596 556 as
610 525 736 565 ffreecly
751 534 790 555 as
807 524 858 555 the
871 534 959 564 poor
973 534 1033 555 are
1048 524 1185 555 modest.

163 601 292 653 Super
312 602 521 640 iuvencum
542 601 673 639 stabat
693 600 893 639 deiectum
914 599 974 638 leo
992 616 999 639 t

108 663 328 702 Praedator
347 662 573 711 intervenit,
596 668 752 713 partem
771 662 976 713 postulans
993 678 1000 701 :

164 725 347 763 “Darem
360 725 379 740 ⁷⁷
411 734 483 767 (243,
504 734 551 771 5),⁴
577 725 717 775 inquit,
758 724 871 762 “nisi
906 724 1049 762 soleres
1082 734 1151 767 (243,
1173 733 1201 767 5)
1234 737 1304 775 per
1337 730 1377 763 te

215 800 369 825 sumere
383 789 401 805 '²
419 802 427 826 :

107 849 161 887 Et
180 849 404 899 improbum
424 848 570 887 reiecit.
628 848 747 887 Forte
768 848 955 886 innoxius

107 911 250 949 Viator
269 916 329 949 est
349 910 543 949 deductus
563 911 605 948 in
626 910 796 948 eundem
817 910 958 956 locum,
1358 928 1377 962 5

109 973 288 1023 Feroque
308 973 393 1011 viso
413 981 484 1014 (155)
506 972 662 1010 rettulit
680 978 786 1011 retro
807 972 962 1022 pedem.

110 1034 185 1073 Cui
204 1034 383 1085 placidus
403 1034 480 1081 ille,
505 1039 526 1055 ‘⁶
543 1034 636 1073 Non
657 1040 716 1073 est
737 1034 843 1085 quod
865 1035 1005 1072 timeas
1019 1034 1038 1049 ''
1057 1043 1140 1081 (244),
1163 1034 1242 1081 ait3

113 1100 135 1117 “
149 1096 212 1142 Et,
235 1110 334 1147 quae
354 1096 524 1135 debetur
544 1110 633 1147 pars
653 1101 745 1135 tuae
766 1096 993 1140 modestiae,

111 1158 314 1197 Audacter
334 1158 465 1198 tolle.''
521 1158 642 1205 Tune,
666 1158 793 1196 diviso
814 1163 969 1208 tergore
990 1168 1071 1205 (155),

110 1220 239 1259 Silvas
259 1220 414 1271 petivit,
437 1220 590 1258 homini
609 1226 655 1258 ut
674 1233 870 1258 aceessum
891 1220 1004 1258 daret
1024 1229 1093 1262 (243,
1112 1229 1146 1259 2).
1342 1240 1379 1262 10

165 1282 404 1333 Exemplum
424 1282 625 1333 egregium
646 1295 805 1333 prorsus
827 1288 866 1320 et
886 1282 1083 1320 laudabile
1101 1297 1111 1330 3

109 1345 261 1383 Verutn
282 1350 342 1383 est
362 1344 532 1382 aviditas
553 1344 664 1382 dives
683 1353 749 1392 (47),
773 1349 812 1382 et
832 1358 983 1395 pauper
1001 1353 1058 1387 (47)
1078 1344 1214 1396 pudor.

111 1431 463 1471 Parsa—Deiectum,
490 1431 620 1471 darem,
648 1432 785 1470 soleres,
807 1431 908 1470 forte,
932 1432 1091 1471 eundem,
1115 1433 1200 1471 viso,
1223 1432 1376 1471 rettulit,

196 1475 300 1517 quod,
321 1478 467 1517 tergore,
489 1486 640 1517 prorsus.

506 1608 650 1647 FABLE
679 1608 792 1647 XXI.
824 1608 874 1659 (1.
907 1610 985 1660 32).

171 1697 349 1731 RANAE
377 1698 717 1733 METUENTES
743 1698 1053 1732 TAURORUM
1083 1697 1324 1733 PROELIA,

247 1777 314 1809 The
331 1778 486 1818 quarrels
502 1777 545 1817 of
554 1777 662 1808 rulers
678 1787 776 1808 mean
793 1777 931 1808 distre-‚es
947 1781 978 1808 to
996 1777 1081 1808 their
1096 1777 1244 1818 .0ubjects.

168 1853 349 1892 Humiles
370 1854 562 1902 laborant,
586 1854 654 1892 ubi
674 1859 858 1904 potentes
878 1853 1082 1892 dissident.

168 1914 281 1954 Rana
300 1916 341 1953 in
361 1916 515 1966 palude,
539 1929 713 1966 pugnam
734 1921 938 1954 taurorum
959 1916 1132 1961 intuens,

117 1982 139 1998 “
157 1976 259 2023 Heu,
284 1982 435 2028 quanta
454 1978 568 2016 nobis
589 1978 713 2016 instat
733 1978 924 2028 pernicies
943 1978 982 2015 !’'
1002 1978 1067 2016 ait.

113 2037 364 2090 Interrogata
383 2039 432 2077 ab
452 2039 537 2087 alia,
561 2053 629 2078 eur
649 2039 721 2078 hoc
742 2039 889 2078 diceret
909 2048 991 2086 (242),

112 2099 174 2139 De
193 2101 418 2151 principatu
438 2115 557 2152 quum
579 2101 827 2140 decertarent
845 2110 915 2145 (243,
930 2111 957 2142 4)
975 2101 1118 2153 gregiS,
1361 2118 1381 2155 ‘5

113 2163 329 2218 Longeque
350 2166 399 2205 ab
418 2166 496 2204 illis
517 2166 707 2217 degerent
726 2166 850 2204 vitam
868 2166 990 2205 boves
1007 2181 1014 2204 :
