<?xml version="1.0" encoding="UTF-8"?>
<!DOCTYPE html PUBLIC "-//W3C//DTD XHTML 1.0 Transitional//EN"
    "http://www.w3.org/TR/xhtml1/DTD/xhtml1-transitional.dtd">
<html xmlns="http://www.w3.org/1999/xhtml" xml:lang="en" lang="en">
 <head>
  <title>
</title>
<meta http-equiv="Content-Type" content="text/html;charset=utf-8" />
  <meta name='ocr-system' content='tesseract 3.04.00' />
  <meta name='ocr-capabilities' content='ocr_page ocr_carea ocr_par ocr_line ocrx_word'/>
</head>
<body>
  <div class='ocr_page' id='page_1' title='image "./selctionsfrompha00phaeuoft_0028.png"; bbox 0 0 1561 2439; ppageno 0'>
   <div class='ocr_carea' id='block_1_1' title="bbox 185 93 1143 130">
    <p class='ocr_par' dir='ltr' id='par_1_1' title="bbox 185 93 1143 130">
     <span class='ocr_line' id='line_1_1' title="bbox 185 93 1143 130; baseline 0.001 -3"><span class='ocrx_word' id='word_1_1' title='bbox 185 93 233 128; x_wconf 64' lang='lat'>⁴24</span> <span class='ocrx_word' id='word_1_2' title='bbox 478 101 730 130; x_wconf 81' lang='lat' dir='ltr'>SELECTIONS</span> <span class='ocrx_word' id='word_1_3' title='bbox 759 101 877 130; x_wconf 81' lang='lat' dir='ltr'><strong>FROM</strong></span> <span class='ocrx_word' id='word_1_4' title='bbox 904 101 1143 130; x_wconf 84' lang='lat' dir='ltr'><strong>PHAEDRUS.</strong></span> 
     </span>
    </p>
   </div>
   <div class='ocr_carea' id='block_1_2' title="bbox 180 196 1440 495">
    <p class='ocr_par' dir='ltr' id='par_1_2' title="bbox 182 196 1285 247">
     <span class='ocr_line' id='line_1_2' title="bbox 182 196 1285 247; baseline 0.002 -12"><span class='ocrx_word' id='word_1_5' title='bbox 182 196 261 235; x_wconf 84' lang='lat' dir='ltr'>Sed</span> <span class='ocrx_word' id='word_1_6' title='bbox 281 210 403 247; x_wconf 89' lang='lat' dir='ltr'>quum</span> <span class='ocrx_word' id='word_1_7' title='bbox 422 198 577 236; x_wconf 86' lang='lat' dir='ltr'>videret</span> <span class='ocrx_word' id='word_1_8' title='bbox 595 206 665 241; x_wconf 76' lang='lat'>(243,</span> <span class='ocrx_word' id='word_1_9' title='bbox 680 208 706 238; x_wconf 76' lang='lat'>4)</span> <span class='ocrx_word' id='word_1_10' title='bbox 727 202 829 236; x_wconf 89' lang='lat' dir='ltr'>stare</span> <span class='ocrx_word' id='word_1_11' title='bbox 851 208 920 238; x_wconf 71' lang='lat'>(247)</span> <span class='ocrx_word' id='word_1_12' title='bbox 940 198 1094 245; x_wconf 89' lang='lat' dir='ltr'>fortem,</span> <span class='ocrx_word' id='word_1_13' title='bbox 1118 197 1285 237; x_wconf 85' lang='lat' dir='ltr'>calculos</span> 
     </span>
    </p>

    <p class='ocr_par' dir='ltr' id='par_1_3' title="bbox 181 259 997 310">
     <span class='ocr_line' id='line_1_3' title="bbox 181 259 997 310; baseline 0 -13"><span class='ocrx_word' id='word_1_14' title='bbox 181 259 228 297; x_wconf 89' lang='lat' dir='ltr'>In</span> <span class='ocrx_word' id='word_1_15' title='bbox 248 272 390 297; x_wconf 89' lang='lat' dir='ltr'>urnam</span> <span class='ocrx_word' id='word_1_16' title='bbox 410 260 527 306; x_wconf 87' lang='lat' dir='ltr'>misit,</span> <span class='ocrx_word' id='word_1_17' title='bbox 550 273 717 310; x_wconf 88' lang='lat' dir='ltr'>quorum</span> <span class='ocrx_word' id='word_1_18' title='bbox 738 259 997 298; x_wconf 89' lang='lat' dir='ltr'>multitudine</span> 
     </span>
    </p>

    <p class='ocr_par' dir='ltr' id='par_1_4' title="bbox 180 320 1440 433">
     <span class='ocr_line' id='line_1_4' title="bbox 180 320 1440 375; baseline 0 -17"><span class='ocrx_word' id='word_1_19' title='bbox 180 321 296 371; x_wconf 81' lang='lat' dir='ltr'>Aqua</span> <span class='ocrx_word' id='word_1_20' title='bbox 317 327 377 359; x_wconf 86' lang='lat' dir='ltr'>est</span> <span class='ocrx_word' id='word_1_21' title='bbox 397 329 578 371; x_wconf 81' lang='lat' dir='ltr'>porrecta</span> <span class='ocrx_word' id='word_1_22' title='bbox 597 334 763 368; x_wconf 88' lang='lat' dir='ltr'>sursum,</span> <span class='ocrx_word' id='word_1_23' title='bbox 787 326 826 359; x_wconf 86' lang='lat' dir='ltr'>et</span> <span class='ocrx_word' id='word_1_24' title='bbox 845 320 1007 359; x_wconf 85' lang='lat' dir='ltr'>satiavit</span> <span class='ocrx_word' id='word_1_25' title='bbox 1027 320 1144 359; x_wconf 85' lang='lat' dir='ltr'>sitim.</span> <span class='ocrx_word' id='word_1_26' title='bbox 1424 341 1440 375; x_wconf 86' lang='lat'><strong>5</strong></span> 
     </span>
     <span class='ocr_line' id='line_1_5' title="bbox 234 382 1310 433; baseline -0.001 -14"><span class='ocrx_word' id='word_1_27' title='bbox 234 382 319 420; x_wconf 86' lang='lat' dir='ltr'>Hac</span> <span class='ocrx_word' id='word_1_28' title='bbox 339 396 380 420; x_wconf 90' lang='lat' dir='ltr'>re</span> <span class='ocrx_word' id='word_1_29' title='bbox 402 384 592 433; x_wconf 84' lang='lat' dir='ltr'>probatur</span> <span class='ocrx_word' id='word_1_30' title='bbox 611 385 806 433; x_wconf 65' lang='lat' dir='ltr'>quantilm</span> <span class='ocrx_word' id='word_1_31' title='bbox 826 382 1027 433; x_wconf 81' lang='lat' dir='ltr'>ingenium</span> <span class='ocrx_word' id='word_1_32' title='bbox 1050 382 1197 433; x_wconf 88' lang='lat' dir='ltr'>polleat</span> <span class='ocrx_word' id='word_1_33' title='bbox 1215 392 1310 429; x_wconf 52' lang='grc' dir='ltr'>(Ἡρη</span> 
     </span>
    </p>

    <p class='ocr_par' dir='ltr' id='par_1_5' title="bbox 180 443 1053 495">
     <span class='ocr_line' id='line_1_6' title="bbox 180 443 1053 495; baseline 0 -14"><span class='ocrx_word' id='word_1_34' title='bbox 180 443 342 482; x_wconf 71' lang='lat' dir='ltr'>Virtute</span> <span class='ocrx_word' id='word_1_35' title='bbox 363 453 434 485; x_wconf 74' lang='lat'>(1:38)</span> <span class='ocrx_word' id='word_1_36' title='bbox 454 457 608 494; x_wconf 80' lang='lat' dir='ltr'>semper</span> <span class='ocrx_word' id='word_1_37' title='bbox 629 444 830 495; x_wconf 84' lang='lat' dir='ltr'>praevalet</span> <span class='ocrx_word' id='word_1_38' title='bbox 849 444 1053 494; x_wconf 75' lang='lat' dir='ltr'>sapientia.</span> 
     </span>
    </p>
   </div>
   <div class='ocr_carea' id='block_1_3' title="bbox 179 551 1351 594">
    <p class='ocr_par' dir='ltr' id='par_1_6' title="bbox 179 551 1351 594">
     <span class='ocr_line' id='line_1_7' title="bbox 179 551 1351 594; baseline 0.002 -12"><span class='ocrx_word' id='word_1_39' title='bbox 179 551 474 590; x_wconf 55' lang='lat' dir='ltr'>Parsa—sitiens,</span> <span class='ocrx_word' id='word_1_40' title='bbox 493 563 614 594; x_wconf 83' lang='lat' dir='ltr'>aquae,</span> <span class='ocrx_word' id='word_1_41' title='bbox 634 556 759 584; x_wconf 78' lang='lat' dir='ltr'>conata</span> <span class='ocrx_word' id='word_1_42' title='bbox 775 556 839 590; x_wconf 89' lang='lat' dir='ltr'>est,</span> <span class='ocrx_word' id='word_1_43' title='bbox 858 556 1028 594; x_wconf 70' lang='lat' dir='ltr'>porrecta,</span> <span class='ocrx_word' id='word_1_44' title='bbox 1047 552 1190 594; x_wconf 81' lang='lat' dir='ltr'>polleat,</span> <span class='ocrx_word' id='word_1_45' title='bbox 1208 553 1351 584; x_wconf 80' lang='lat' dir='ltr'>virtute.</span> 
     </span>
    </p>
   </div>
   <div class='ocr_carea' id='block_1_4' title="bbox 585 792 1037 843">
    <p class='ocr_par' dir='ltr' id='par_1_7' title="bbox 585 792 1037 843">
     <span class='ocr_line' id='line_1_8' title="bbox 585 792 1037 843; baseline 0 -12"><span class='ocrx_word' id='word_1_46' title='bbox 585 792 728 831; x_wconf 74' lang='lat' dir='ltr'><strong>FABLE</strong></span> <span class='ocrx_word' id='word_1_47' title='bbox 757 792 870 831; x_wconf 84' lang='lat' dir='ltr'>XIII.</span> <span class='ocrx_word' id='word_1_48' title='bbox 906 793 952 841; x_wconf 92' lang='lat' dir='ltr'>(I.</span> <span class='ocrx_word' id='word_1_49' title='bbox 986 795 1037 843; x_wconf 82' lang='lat'>3).</span> 
     </span>
    </p>
   </div>
   <div class='ocr_carea' id='block_1_5' title="bbox 504 903 1120 938">
    <p class='ocr_par' dir='ltr' id='par_1_8' title="bbox 504 903 1120 938">
     <span class='ocr_line' id='line_1_9' title="bbox 504 903 1120 938; baseline -0.005 0"><span class='ocrx_word' id='word_1_50' title='bbox 504 903 795 938; x_wconf 84' lang='lat' dir='ltr'>GRACULUS</span> <span class='ocrx_word' id='word_1_51' title='bbox 824 904 1120 938; x_wconf 86' lang='lat' dir='ltr'>SUPERBUS.</span> 
     </span>
    </p>
   </div>
   <div class='ocr_carea' id='block_1_6' title="bbox 398 1004 1218 1047">
    <p class='ocr_par' dir='ltr' id='par_1_9' title="bbox 398 1004 1218 1047">
     <span class='ocr_line' id='line_1_10' title="bbox 398 1004 1218 1047; baseline 0.001 -11"><span class='ocrx_word' id='word_1_52' title='bbox 398 1004 432 1036; x_wconf 74' lang='lat' dir='ltr'>It</span> <span class='ocrx_word' id='word_1_53' title='bbox 449 1004 477 1036; x_wconf 80' lang='lat' dir='ltr'>z&#39;s</span> <span class='ocrx_word' id='word_1_54' title='bbox 493 1005 611 1036; x_wconf 66' lang='lat' dir='ltr'>useless</span> <span class='ocrx_word' id='word_1_55' title='bbox 627 1009 660 1036; x_wconf 73' lang='lat' dir='ltr'>to</span> <span class='ocrx_word' id='word_1_56' title='bbox 677 1010 731 1046; x_wconf 75' lang='lat' dir='ltr'>try</span> <span class='ocrx_word' id='word_1_57' title='bbox 747 1010 779 1036; x_wconf 74' lang='lat' dir='ltr'>to</span> <span class='ocrx_word' id='word_1_58' title='bbox 795 1005 941 1045; x_wconf 63' lang='lat' dir='ltr'>alisqui-se</span> <span class='ocrx_word' id='word_1_59' title='bbox 957 1016 1044 1046; x_wconf 81' lang='lat' dir='ltr'>your</span> <span class='ocrx_word' id='word_1_60' title='bbox 1059 1006 1132 1037; x_wconf 78' lang='lat' dir='ltr'>real</span> <span class='ocrx_word' id='word_1_61' title='bbox 1147 1005 1218 1047; x_wconf 77' lang='lat' dir='ltr'>sels.</span> 
     </span>
    </p>
   </div>
   <div class='ocr_carea' id='block_1_7' title="bbox 175 1103 1444 2083">
    <p class='ocr_par' dir='ltr' id='par_1_10' title="bbox 175 1103 1444 2083">
     <span class='ocr_line' id='line_1_11' title="bbox 234 1103 1156 1154; baseline 0.003 -14"><span class='ocrx_word' id='word_1_62' title='bbox 234 1103 293 1141; x_wconf 56' lang='lat' dir='ltr'>Ne</span> <span class='ocrx_word' id='word_1_63' title='bbox 315 1103 474 1154; x_wconf 78' lang='lat' dir='ltr'>gloriari</span> <span class='ocrx_word' id='word_1_64' title='bbox 494 1104 616 1142; x_wconf 82' lang='lat' dir='ltr'>libeat</span> <span class='ocrx_word' id='word_1_65' title='bbox 635 1113 707 1148; x_wconf 74' lang='lat'>(243,</span> <span class='ocrx_word' id='word_1_66' title='bbox 724 1117 738 1141; x_wconf 75' lang='lat'><strong>2</strong></span> <span class='ocrx_word' id='word_1_67' title='bbox 751 1113 855 1145; x_wconf 68' lang='grc'>-1-107)</span> <span class='ocrx_word' id='word_1_68' title='bbox 874 1104 1011 1143; x_wconf 90' lang='lat' dir='ltr'>alienis</span> <span class='ocrx_word' id='word_1_69' title='bbox 1031 1105 1156 1152; x_wconf 84' lang='lat' dir='ltr'>bonis,</span> 
     </span>
     <span class='ocr_line' id='line_1_12' title="bbox 181 1165 1057 1217; baseline 0.001 -13"><span class='ocrx_word' id='word_1_70' title='bbox 181 1165 336 1216; x_wconf 81' lang='lat' dir='ltr'>Suoque</span> <span class='ocrx_word' id='word_1_71' title='bbox 357 1166 489 1216; x_wconf 66' lang='lat' dir='ltr'>potins</span> <span class='ocrx_word' id='word_1_72' title='bbox 510 1166 650 1204; x_wconf 84' lang='lat' dir='ltr'>habitu</span> <span class='ocrx_word' id='word_1_73' title='bbox 669 1175 740 1207; x_wconf 67' lang='lat'>(154)</span> <span class='ocrx_word' id='word_1_74' title='bbox 761 1166 885 1205; x_wconf 84' lang='lat' dir='ltr'>vitam</span> <span class='ocrx_word' id='word_1_75' title='bbox 905 1166 1057 1217; x_wconf 83' lang='lat' dir='ltr'>degere,</span> 
     </span>
     <span class='ocr_line' id='line_1_13' title="bbox 178 1228 1040 1279; baseline 0.002 -14"><span class='ocrx_word' id='word_1_76' title='bbox 178 1229 360 1278; x_wconf 80' lang='lat' dir='ltr'>Aesopus</span> <span class='ocrx_word' id='word_1_77' title='bbox 380 1228 494 1266; x_wconf 86' lang='lat' dir='ltr'>nobis</span> <span class='ocrx_word' id='word_1_78' title='bbox 514 1228 587 1265; x_wconf 86' lang='lat' dir='ltr'>hoc</span> <span class='ocrx_word' id='word_1_79' title='bbox 608 1228 833 1279; x_wconf 82' lang='lat' dir='ltr'>exemplum</span> <span class='ocrx_word' id='word_1_80' title='bbox 853 1228 1040 1279; x_wconf 73' lang='lat' dir='ltr'>prodidit.</span> 
     </span>
     <span class='ocr_line' id='line_1_14' title="bbox 234 1289 955 1340; baseline 0.001 -13"><span class='ocrx_word' id='word_1_81' title='bbox 234 1289 406 1328; x_wconf 85' lang='lat' dir='ltr'>Tumens</span> <span class='ocrx_word' id='word_1_82' title='bbox 427 1290 535 1327; x_wconf 83' lang='lat' dir='ltr'>inani</span> <span class='ocrx_word' id='word_1_83' title='bbox 555 1289 738 1340; x_wconf 80' lang='lat' dir='ltr'>graculus</span> <span class='ocrx_word' id='word_1_84' title='bbox 759 1291 955 1340; x_wconf 87' lang='lat' dir='ltr'>superbia,</span> 
     </span>
     <span class='ocr_line' id='line_1_15' title="bbox 179 1351 1444 1406; baseline 0.001 -16"><span class='ocrx_word' id='word_1_85' title='bbox 179 1352 344 1399; x_wconf 80' lang='lat' dir='ltr'>Pennas,</span> <span class='ocrx_word' id='word_1_86' title='bbox 369 1352 513 1402; x_wconf 73' lang='lat' dir='ltr'>pavoni</span> <span class='ocrx_word' id='word_1_87' title='bbox 534 1362 602 1392; x_wconf 69' lang='lat'>(144)</span> <span class='ocrx_word' id='word_1_88' title='bbox 624 1365 723 1402; x_wconf 85' lang='lat' dir='ltr'>quae</span> <span class='ocrx_word' id='word_1_89' title='bbox 745 1351 983 1400; x_wconf 84' lang='lat' dir='ltr'>deciderant,</span> <span class='ocrx_word' id='word_1_90' title='bbox 1008 1353 1178 1399; x_wconf 81' lang='lat' dir='ltr'>sustulit,</span> <span class='ocrx_word' id='word_1_91' title='bbox 1427 1372 1444 1406; x_wconf 86' lang='lat'><strong>5</strong></span> 
     </span>
     <span class='ocr_line' id='line_1_16' title="bbox 177 1413 1305 1464; baseline 0.004 -12"><span class='ocrx_word' id='word_1_92' title='bbox 177 1414 306 1464; x_wconf 83' lang='lat' dir='ltr'>Seque</span> <span class='ocrx_word' id='word_1_93' title='bbox 325 1423 398 1456; x_wconf 83' lang='lat'>(196)</span> <span class='ocrx_word' id='word_1_94' title='bbox 417 1414 627 1452; x_wconf 76' lang='lat' dir='ltr'>exornavit</span> <span class='ocrx_word' id='word_1_95' title='bbox 643 1430 650 1452; x_wconf 72' lang='grc' dir='ltr'>ε</span> <span class='ocrx_word' id='word_1_96' title='bbox 681 1413 826 1452; x_wconf 89' lang='lat' dir='ltr'>deinde</span> <span class='ocrx_word' id='word_1_97' title='bbox 847 1420 1104 1454; x_wconf 88' lang='lat' dir='ltr'>contemnens</span> <span class='ocrx_word' id='word_1_98' title='bbox 1125 1429 1216 1454; x_wconf 86' lang='lat' dir='ltr'>suos</span> <span class='ocrx_word' id='word_1_99' title='bbox 1235 1425 1305 1457; x_wconf 81' lang='lat'>(197)</span> 
     </span>
     <span class='ocr_line' id='line_1_17' title="bbox 178 1475 1208 1529; baseline 0.003 -16"><span class='ocrx_word' id='word_1_100' title='bbox 178 1475 366 1514; x_wconf 82' lang='lat' dir='ltr'>Formoso</span> <span class='ocrx_word' id='word_1_101' title='bbox 387 1489 428 1514; x_wconf 88' lang='lat' dir='ltr'>se</span> <span class='ocrx_word' id='word_1_102' title='bbox 447 1484 519 1517; x_wconf 77' lang='lat'>(196)</span> <span class='ocrx_word' id='word_1_103' title='bbox 540 1489 737 1526; x_wconf 83' lang='lat' dir='ltr'>pavonum</span> <span class='ocrx_word' id='word_1_104' title='bbox 761 1476 977 1515; x_wconf 85' lang='lat' dir='ltr'>immiscuit</span> <span class='ocrx_word' id='word_1_105' title='bbox 997 1477 1106 1529; x_wconf 80' lang='lat' dir='ltr'>gregi</span> <span class='ocrx_word' id='word_1_106' title='bbox 1126 1486 1208 1520; x_wconf 79' lang='lat'>(144).</span> 
     </span>
     <span class='ocr_line' id='line_1_18' title="bbox 178 1536 1039 1588; baseline 0.001 -13"><span class='ocrx_word' id='word_1_107' title='bbox 178 1537 240 1575; x_wconf 84' lang='grc'>1111</span> <span class='ocrx_word' id='word_1_108' title='bbox 261 1536 485 1588; x_wconf 89' lang='lat' dir='ltr'>impudenti</span> <span class='ocrx_word' id='word_1_109' title='bbox 506 1551 656 1588; x_wconf 87' lang='lat' dir='ltr'>pennas</span> <span class='ocrx_word' id='word_1_110' title='bbox 679 1538 854 1588; x_wconf 89' lang='lat' dir='ltr'>eripiunt</span> <span class='ocrx_word' id='word_1_111' title='bbox 874 1539 937 1577; x_wconf 88' lang='lat' dir='ltr'>avi</span> <span class='ocrx_word' id='word_1_112' title='bbox 959 1550 1039 1586; x_wconf 79' lang='lat'>(144),</span> 
     </span>
     <span class='ocr_line' id='line_1_19' title="bbox 178 1599 1170 1651; baseline 0.003 -14"><span class='ocrx_word' id='word_1_113' title='bbox 178 1599 410 1650; x_wconf 82' lang='lat' dir='ltr'>Fugantque</span> <span class='ocrx_word' id='word_1_114' title='bbox 433 1600 582 1638; x_wconf 87' lang='lat' dir='ltr'>rostris.</span> <span class='ocrx_word' id='word_1_115' title='bbox 643 1599 749 1638; x_wconf 77' lang='lat' dir='ltr'>Male</span> <span class='ocrx_word' id='word_1_116' title='bbox 770 1600 965 1639; x_wconf 85' lang='lat' dir='ltr'>mulcatus</span> <span class='ocrx_word' id='word_1_117' title='bbox 985 1601 1170 1651; x_wconf 86' lang='lat' dir='ltr'>graculus</span> 
     </span>
     <span class='ocr_line' id='line_1_20' title="bbox 183 1661 1444 1714; baseline 0.007 -17"><span class='ocrx_word' id='word_1_118' title='bbox 183 1661 320 1699; x_wconf 54' lang='lat' dir='ltr'>undire</span> <span class='ocrx_word' id='word_1_119' title='bbox 342 1675 520 1700; x_wconf 76' lang='lat' dir='ltr'>maerens</span> <span class='ocrx_word' id='word_1_120' title='bbox 540 1662 670 1713; x_wconf 90' lang='lat' dir='ltr'>coepit</span> <span class='ocrx_word' id='word_1_121' title='bbox 690 1662 739 1700; x_wconf 86' lang='lat' dir='ltr'>ad</span> <span class='ocrx_word' id='word_1_122' title='bbox 760 1663 965 1714; x_wconf 88' lang='lat' dir='ltr'>proprium</span> <span class='ocrx_word' id='word_1_123' title='bbox 986 1677 1108 1714; x_wconf 90' lang='lat' dir='ltr'>genus</span> <span class='ocrx_word' id='word_1_124' title='bbox 1126 1679 1133 1702; x_wconf 91' lang='lat'>:</span> <span class='ocrx_word' id='word_1_125' title='bbox 1407 1685 1444 1707; x_wconf 90' lang='lat'>10</span> 
     </span>
     <span class='ocr_line' id='line_1_21' title="bbox 175 1723 1065 1774; baseline 0.003 -14"><span class='ocrx_word' id='word_1_126' title='bbox 175 1723 213 1761; x_wconf 83' lang='lat' dir='ltr'><strong>A</strong></span> <span class='ocrx_word' id='word_1_127' title='bbox 233 1737 310 1773; x_wconf 86' lang='lat' dir='ltr'>quo</span> <span class='ocrx_word' id='word_1_128' title='bbox 331 1723 509 1774; x_wconf 88' lang='lat' dir='ltr'>repulsus</span> <span class='ocrx_word' id='word_1_129' title='bbox 529 1725 686 1762; x_wconf 78' lang='lat' dir='ltr'>tristem</span> <span class='ocrx_word' id='word_1_130' title='bbox 707 1725 898 1764; x_wconf 89' lang='lat' dir='ltr'>sustinuit</span> <span class='ocrx_word' id='word_1_131' title='bbox 917 1731 1065 1764; x_wconf 77' lang='lat' dir='ltr'>notam.</span> 
     </span>
     <span class='ocr_line' id='line_1_22' title="bbox 176 1785 1158 1838; baseline 0.004 -16"><span class='ocrx_word' id='word_1_132' title='bbox 176 1785 276 1822; x_wconf 83' lang='lat' dir='ltr'>Tum</span> <span class='ocrx_word' id='word_1_133' title='bbox 297 1785 460 1835; x_wconf 86' lang='lat' dir='ltr'>quidam</span> <span class='ocrx_word' id='word_1_134' title='bbox 479 1800 528 1823; x_wconf 80' lang='lat' dir='ltr'>ex</span> <span class='ocrx_word' id='word_1_135' title='bbox 548 1786 635 1831; x_wconf 85' lang='lat' dir='ltr'>illis,</span> <span class='ocrx_word' id='word_1_136' title='bbox 659 1800 757 1836; x_wconf 89' lang='lat' dir='ltr'>quos</span> <span class='ocrx_word' id='word_1_137' title='bbox 780 1787 888 1838; x_wconf 69' lang='lat' dir='ltr'>prins</span> <span class='ocrx_word' id='word_1_138' title='bbox 910 1787 1158 1838; x_wconf 83' lang='lat' dir='ltr'>despexerat,</span> 
     </span>
     <span class='ocr_line' id='line_1_23' title="bbox 179 1847 1225 1896; baseline 0.002 -12"><span class='ocrx_word' id='word_1_139' title='bbox 179 1847 436 1885; x_wconf 82' lang='lat' dir='ltr'>“Contentus</span> <span class='ocrx_word' id='word_1_140' title='bbox 457 1848 602 1886; x_wconf 86' lang='lat' dir='ltr'>nostris</span> <span class='ocrx_word' id='word_1_141' title='bbox 623 1848 655 1886; x_wconf 91' lang='lat' dir='ltr'>si</span> <span class='ocrx_word' id='word_1_142' title='bbox 675 1849 816 1887; x_wconf 86' lang='lat' dir='ltr'>fuisses</span> <span class='ocrx_word' id='word_1_143' title='bbox 836 1858 904 1892; x_wconf 74' lang='lat'>(243,</span> <span class='ocrx_word' id='word_1_144' title='bbox 921 1859 946 1889; x_wconf 82' lang='lat'>5)</span> <span class='ocrx_word' id='word_1_145' title='bbox 967 1849 1124 1887; x_wconf 89' lang='lat' dir='ltr'>sedibus</span> <span class='ocrx_word' id='word_1_146' title='bbox 1144 1858 1225 1896; x_wconf 81' lang='lat'>(160),</span> 
     </span>
     <span class='ocr_line' id='line_1_24' title="bbox 176 1908 1153 1961; baseline 0.002 -16"><span class='ocrx_word' id='word_1_147' title='bbox 176 1908 237 1947; x_wconf 84' lang='lat' dir='ltr'>Et.</span> <span class='ocrx_word' id='word_1_148' title='bbox 262 1909 369 1958; x_wconf 88' lang='lat' dir='ltr'>quod</span> <span class='ocrx_word' id='word_1_149' title='bbox 390 1918 533 1948; x_wconf 86' lang='lat' dir='ltr'>natura</span> <span class='ocrx_word' id='word_1_150' title='bbox 554 1910 730 1957; x_wconf 86' lang='lat' dir='ltr'>dederat,</span> <span class='ocrx_word' id='word_1_151' title='bbox 754 1910 946 1949; x_wconf 88' lang='lat' dir='ltr'>voluisses</span> <span class='ocrx_word' id='word_1_152' title='bbox 966 1911 1050 1961; x_wconf 82' lang='lat' dir='ltr'>pati</span> <span class='ocrx_word' id='word_1_153' title='bbox 1071 1920 1153 1958; x_wconf 80' lang='lat'>(115),</span> 
     </span>
     <span class='ocr_line' id='line_1_25' title="bbox 176 1970 1440 2026; baseline 0.004 -19"><span class='ocrx_word' id='word_1_154' title='bbox 176 1970 258 2007; x_wconf 73' lang='lat' dir='ltr'>Nec</span> <span class='ocrx_word' id='word_1_155' title='bbox 280 1970 387 2008; x_wconf 83' lang='lat' dir='ltr'>illam</span> <span class='ocrx_word' id='word_1_156' title='bbox 408 1978 596 2022; x_wconf 75' lang='lat' dir='ltr'>expertus</span> <span class='ocrx_word' id='word_1_157' title='bbox 617 1985 720 2011; x_wconf 91' lang='lat' dir='ltr'>esses</span> <span class='ocrx_word' id='word_1_158' title='bbox 741 1983 808 2016; x_wconf 78' lang='lat'>(243,</span> <span class='ocrx_word' id='word_1_159' title='bbox 824 1982 954 2014; x_wconf 76' lang='lat'>5÷116)</span> <span class='ocrx_word' id='word_1_160' title='bbox 975 1972 1264 2018; x_wconf 87' lang='lat' dir='ltr'>contumeliam,</span> <span class='ocrx_word' id='word_1_161' title='bbox 1405 1995 1416 2017; x_wconf 71' lang='grc' dir='ltr'><em>ι</em></span> <span class='ocrx_word' id='word_1_162' title='bbox 1424 1993 1440 2026; x_wconf 83' lang='lat'><em>5</em></span> 
     </span>
     <span class='ocr_line' id='line_1_26' title="bbox 175 2031 1136 2083; baseline 0.002 -14"><span class='ocrx_word' id='word_1_163' title='bbox 175 2031 258 2069; x_wconf 78' lang='lat' dir='ltr'>Nec</span> <span class='ocrx_word' id='word_1_164' title='bbox 278 2031 379 2071; x_wconf 84' lang='lat' dir='ltr'>hanc</span> <span class='ocrx_word' id='word_1_165' title='bbox 399 2033 597 2083; x_wconf 87' lang='lat' dir='ltr'>repulsam</span> <span class='ocrx_word' id='word_1_166' title='bbox 616 2040 687 2073; x_wconf 85' lang='lat' dir='ltr'>tua</span> <span class='ocrx_word' id='word_1_167' title='bbox 706 2035 872 2073; x_wconf 89' lang='lat' dir='ltr'>sentiret</span> <span class='ocrx_word' id='word_1_168' title='bbox 891 2034 1093 2073; x_wconf 83' lang='lat' dir='ltr'>calamitas</span> <span class='ocrx_word' id='word_1_169' title='bbox 1105 2034 1136 2071; x_wconf 88' lang='lat'>&#39;&#39;.</span> 
     </span>
    </p>
   </div>
   <div class='ocr_carea' id='block_1_8' title="bbox 175 2141 1439 2230">
    <p class='ocr_par' dir='ltr' id='par_1_11' title="bbox 175 2141 1439 2230">
     <span class='ocr_line' id='line_1_27' title="bbox 175 2141 1439 2187; baseline 0.003 -14"><span class='ocrx_word' id='word_1_170' title='bbox 175 2141 464 2182; x_wconf 58' lang='lat' dir='ltr'>Pav-w-Libeat,</span> <span class='ocrx_word' id='word_1_171' title='bbox 498 2144 633 2182; x_wconf 79' lang='lat' dir='ltr'>habitu,</span> <span class='ocrx_word' id='word_1_172' title='bbox 664 2145 802 2186; x_wconf 85' lang='lat' dir='ltr'>pavoni,</span> <span class='ocrx_word' id='word_1_173' title='bbox 835 2144 990 2182; x_wconf 82' lang='lat' dir='ltr'>sustulit,</span> <span class='ocrx_word' id='word_1_174' title='bbox 1022 2145 1130 2187; x_wconf 82' lang='lat' dir='ltr'>gregi,</span> <span class='ocrx_word' id='word_1_175' title='bbox 1161 2145 1331 2187; x_wconf 83' lang='lat' dir='ltr'>repulsus,</span> <span class='ocrx_word' id='word_1_176' title='bbox 1365 2144 1439 2178; x_wconf 88' lang='lat' dir='ltr'>des-</span> 
     </span>
     <span class='ocr_line' id='line_1_28' title="bbox 261 2187 994 2230; baseline 0.003 -13"><span class='ocrx_word' id='word_1_177' title='bbox 261 2191 414 2225; x_wconf 54' lang='lat' dir='ltr'>nexerat,</span> <span class='ocrx_word' id='word_1_178' title='bbox 435 2187 587 2226; x_wconf 77' lang='lat' dir='ltr'>sedibus,</span> <span class='ocrx_word' id='word_1_179' title='bbox 606 2188 693 2230; x_wconf 82' lang='lat' dir='ltr'>pati,</span> <span class='ocrx_word' id='word_1_180' title='bbox 713 2191 878 2230; x_wconf 84' lang='lat' dir='ltr'>expertus</span> <span class='ocrx_word' id='word_1_181' title='bbox 894 2198 994 2219; x_wconf 86' lang='lat' dir='ltr'>esses.</span> 
     </span>
    </p>
   </div>
  </div>
 </body>
</html>
