1561 2439
202 74 250 110 32
495 78 748 109 SELEOTIONS
776 77 894 106 FROM
922 76 1161 105 PHAEDRUS.

199 178 387 217 Verbosis
407 176 616 227 acquisivit
636 175 709 213 sibi
729 174 875 213 famam
899 173 1083 224 strophis.

254 240 329 277 Hic
350 252 472 290 quum
492 239 636 276 iaceret
656 236 793 275 morbo
814 235 1016 274 confectus
1037 233 1149 286 gravi

199 301 287 340 Rex
306 301 426 346 urbis,
448 300 532 337 eius
556 298 785 350 experiendi
805 306 878 340 (220)
895 296 1034 348 gratia,

198 363 400 413 Scyphum
420 361 600 412 poposcit
616 375 627 408 3
655 360 752 405 fusa,
775 359 869 397 dein
889 358 1090 405 simulans,
1112 363 1226 407 aqua,

198 424 395 463 Antidoto
414 432 485 466 (151)
505 423 669 460 miscere
688 421 795 460 illius
816 433 856 459 se
877 420 1064 467 toxicum,

198 485 285 525 Hoc
305 485 440 524 bibere
459 484 576 522 iussit
595 484 736 534 ipsum,
759 483 889 533 posito
910 482 1084 532 praemio
1105 490 1187 523 (155).

197 547 356 585 Timore
376 546 516 584 mortis
537 554 609 588 (175)
627 545 694 582 ille
713 550 800 582 tum
820 543 1019 582 confessus
1040 549 1111 587 est,

196 609 290 648 Non
310 608 405 646 artis
425 607 505 646 ulla
523 615 597 650 (203)
615 606 789 644 medicae
809 618 849 643 se
869 604 1092 655 prudentia,

204 670 350 709 Verum
370 675 532 719 stupore
551 667 671 718 vulgi,
695 667 844 705 factum
862 676 936 708 (240)
955 665 1140 704 nobilem.

198 732 296 780 Rex,
319 731 510 769 advocata
529 730 716 768 concione
737 738 817 776 (155),
839 728 935 766 haec
955 727 1104 766 edidit:

201 799 223 817 “
239 794 420 842 Quantae
441 792 590 843 putatis
610 804 693 830 esse
713 800 785 833 (247)
804 803 873 828 vos
894 789 1127 836 dementiae,

198 856 274 904 Qui
295 855 426 905 capita
446 858 578 892 vestra
597 866 676 891 non
697 852 889 890 dubitatis
910 851 1076 898 credere,

199 917 274 957 Cui
296 915 524 955 calceandos
546 924 616 957 (220)
635 927 750 952 nemo
772 913 968 951 commisit
987 912 1107 963 pedes
1123 914 1135 949 2
1149 911 1167 927 '²

255 979 341 1017 Hoc
361 978 559 1029 pertinere
580 978 671 1015 vere
692 975 740 1014 ad
761 975 849 1013 illos
869 974 1050 1022 dixerim,

200 1042 377 1089 Quorum
396 1039 568 1078 stultitia
587 1042 775 1089 quaestus
796 1036 1067 1087 impudentiae
1087 1041 1156 1074 est.

1427 561 1465 583 10

201 1138 545 1179 Pa7·se—Coepisset‚
581 1135 779 1177 acquisivit,
813 1133 1025 1176 experiendi,
1055 1134 1224 1175 poposcit,
1255 1131 1344 1171 fusa,
1373 1132 1462 1164 anti-

286 1182 380 1220 doto,
400 1182 512 1218 iussit,
532 1180 658 1222 posito,
678 1179 852 1216 concione,
872 1177 1077 1215 dementiae,
1098 1178 1164 1215 cui,
1184 1178 1359 1218 quaestus.

244 1258 331 1290 Pick
348 1261 410 1289 out
431 1257 477 1289 all
499 1257 559 1288 the
580 1255 751 1287 ablatives
773 1254 810 1286 in
828 1253 901 1285 this
917 1253 1020 1291 fable,
1040 1252 1109 1284 and
1130 1263 1192 1294 say
1208 1252 1245 1284 of
1265 1252 1361 1285 what
1376 1252 1464 1285 kind

200 1301 285 1334 each
301 1302 339 1333 is.

575 1449 717 1488 FABLE
746 1447 896 1486 XXVI.
929 1446 976 1498 (I.
1011 1446 1089 1497 22).

600 1544 774 1580 CANES
801 1543 1075 1578 FAMELICI.

488 1633 622 1666 Foolz'sh
634 1633 737 1674 plan-s·
753 1642 813 1663 are
830 1641 931 1663 worse
948 1631 1030 1662 than
1045 1630 1173 1662 useless.

255 1719 432 1759 Stultum
452 1718 659 1758 consilium
679 1730 758 1755 non
778 1715 896 1754 modo
917 1715 1055 1754 effectu
1077 1724 1148 1757 (149)
1168 1718 1284 1762 caret,

203 1783 280 1822 Sed
301 1782 351 1821 ad
372 1781 583 1832 perniciem
606 1792 761 1830 quoque
780 1777 966 1816 mortales
987 1777 1162 1815 devocat.

257 1844 418 1884 Corium
438 1843 666 1893 depressum
685 1842 726 1879 in
747 1840 868 1878 fluvio
889 1839 1075 1878 viderunt
1096 1851 1219 1876 canes.

203 1907 251 1945 Id
271 1912 317 1945 ut
337 1907 507 1944 comesse
527 1909 749 1943 extractum
769 1908 930 1953 possent
949 1911 1019 1944 (243,
1034 1914 1048 1937 2
1061 1910 1092 1942 -ι-
1105 1910 1164 1942 245)
1183 1898 1346 1946 facilius,

203 1969 361 2019 Aquam
381 1974 541 2017 coepere
562 1966 717 2004 ebibere
735 1980 742 2002 :
773 1964 842 2002 sed
862 1963 970 2014 rupti
990 1963 1100 2013 prius

204 2031 371 2075 Periere,
394 2032 512 2080 quam
532 2027 639 2079 quod
659 2027 858 2078 petierant
877 2025 1164 2074 contingerent.

1448 1977 1464 2012 5

204 2127 506 2166 Parsa—Effectu,
539 2136 687 2169 quoque,
717 2124 930 2167 depressum,
963 2124 1122 2161 comesse,
1152 2121 1298 2163 periere,
1330 2119 1464 2151 contin-

290 2175 422 2214 gerent.
