1561 2439
229 107 278 144 38
522 114 778 144 SELECTIONS
805 115 924 145 FROM
951 116 1191 148 PHAEDRUS.

227 211 314 250 Hoc
334 211 460 251 facere
481 212 655 259 canibus,
679 225 728 251 ne
748 226 820 251 nos
840 213 952 252 vivos
973 213 1175 262 devorent,
1474 233 1492 269 5

227 273 358 322 Quum
379 274 538 312 scierint
559 287 641 312 esse
662 283 734 316 (⁴247)
756 275 834 313 tale
855 275 992 326 culpae
1011 276 1231 326 praemium
1245 276 1273 315 ’'.

282 335 491 374 Successus
512 336 784 386 improborum
805 337 937 386 plures
957 337 1091 375 allicit.

228 433 516 472 Ρανεθ-Μοῖεῑι,
537 434 699 472 tinctum,
719 434 826 474 misit,
843 434 1046 474 remedium,
1062 435 1144 474 noli,
1165 445 1290 475 coram,
1310 434 1489 476 devorent,

313 477 466 515 scierint,
484 476 566 515 tale,
587 476 709 508 allicit.

603 671 745 710 FABLE
765 671 935 711 XXXV.
970 672 1037 723 (II.
1071 674 1123 725 9).

602 772 817 807 CERVUS
845 773 916 806 ET
943 773 1125 808 BOVES.

399 861 483 894 illem
499 873 558 894 are
574 873 654 903 very
669 863 907 904 clear-siyhced
923 863 959 894 in
975 863 1062 895 their
1077 873 1150 895 own
1164 862 1322 896 incerescs.

283 950 446 995 Cervus,
468 950 684 988 nemorosis
705 949 901 988 excitatus
921 949 1109 998 latibulis,

229 1012 288 1050 Ut
308 1018 542 1050 venatorum
564 1012 720 1063 fugeret
739 1012 956 1051 instantem
976 1025 1122 1060 necem,

229 1074 354 1113 Caeco
376 1075 518 1112 timore
539 1074 762 1124 proximam
782 1074 918 1112 villam
939 1077 1052 1125 petit,

229 1136 282 1174 Et
302 1143 526 1186 opportuno
547 1149 588 1174 se
608 1135 734 1174 bubili
756 1135 942 1174 condidit.

230 1199 305 1236 Hic
326 1199 396 1236 bos
417 1198 584 1238 latenti:
618 1202 639 1218 “
653 1197 853 1245 Quidnam
875 1197 1036 1236 voluisti
1057 1197 1143 1245 tibi,
1475 1203 1493 1237 5

227 1260 384 1307 Infelix,
408 1261 515 1298 ultro
537 1259 605 1309 qui
627 1259 676 1297 ad
697 1273 833 1298 necem
854 1259 1071 1298 cucurreris
1089 1268 1171 1305 (244),

229 1322 527 1371 Hominumque
550 1326 656 1360 tecto
677 1321 862 1372 spiritum
882 1321 1122 1360 commiseris
1143 1323 1242 1363 (2492
1258 1323 1276 1340 ''

227 1385 283 1422 At
303 1383 368 1422 ille
390 1383 568 1434 supplex,
595 1388 616 1404 “
632 1383 715 1422 Vos
734 1382 886 1428 modo,''
907 1383 1049 1433 inquit,
1075 1387 1096 1404 “
1110 1383 1268 1434 parcite,

228 1446 442 1484 Occasione
463 1459 599 1484 rursus
620 1458 825 1495 erumpam
845 1445 938 1483 data
952 1446 980 1482 ’'.

228 1508 410 1558 Spatium
432 1507 510 1545 diei
531 1507 659 1545 noctis
680 1507 884 1557 excipiunt
905 1507 1019 1545 vices
1460 1527 1498 1551 10

227 1569 426 1608 Frondem
450 1569 643 1607 bubulcus
664 1569 789 1615 affert,
811 1582 882 1607 nec
903 1568 990 1606 ideo
1012 1568 1131 1607 videt.

226 1633 335 1670 Eunt
356 1631 524 1669 subinde
544 1637 583 1669 et
604 1631 774 1669 redeunt
794 1644 929 1669 omnes
949 1630 1085 1669 rustici
1102 1647 1109 1668 :

227 1694 353 1732 Nemo
375 1693 657 1731 animadvertit
675 1709 681 1732 :
712 1693 856 1731 transit
877 1693 995 1731 etiam
1016 1692 1182 1739 villicus,

227 1756 310 1793 Nec
330 1755 396 1793 ille
419 1755 635 1806 quidquam
657 1754 789 1793 sentit.
849 1754 950 1792 Tum
970 1753 1148 1806 gaudens
1168 1754 1273 1793 ferus

226 1818 360 1856 Bobus
381 1817 525 1868 quietis
547 1831 660 1868 agere
682 1817 811 1867 coepit
831 1817 989 1868 gratias,
1459 1834 1497 1871 15

227 1880 458 1930 Hospitium
481 1879 646 1918 adverso
667 1879 775 1930 quod
795 1879 1069 1929 praestiterint
1087 1888 1162 1920 (251)
1181 1884 1369 1929 ternpore.

225 1942 450 1992 Respondit
470 1955 571 1980 unus
591 1958 597 1980 :
633 1941 831 1979 “Salvum
852 1946 891 1979 te
912 1942 1090 1992 cupimus
1111 1940 1295 1991 quidem3

227 2004 305 2042 Sed
326 2004 402 2049 ille,
427 2004 494 2054 qui
516 2004 649 2042 oculos
670 2009 830 2042 centum
851 2003 982 2043 habet.
1006 2003 1039 2040 si
1058 2002 1223 2051 venerit,

225 2066 373 2117 Magno
395 2067 435 2104 in
456 2066 603 2116 periclo
625 2066 708 2104 vita
727 2071 908 2103 versatur
927 2066 1039 2103 tua'’.

226 2128 335 2166 Haec
355 2128 461 2166 inter
481 2128 563 2178 ipse
585 2128 769 2166 dominus
789 2141 812 2165 a
832 2134 952 2165 coena
972 2126 1104 2174 redit3
1456 2146 1500 2171 20

225 2189 278 2228 Et
299 2190 394 2240 quia
413 2194 619 2241 corruptos
639 2189 795 2227 viderat
815 2202 942 2239 nuper
962 2188 1093 2237 boves,
