1561 2439
178 77 227 119 20
469 85 725 119 SELECTIONS
753 84 871 118 FROM
898 85 1138 118 PHAEDRUS.

178 191 203 209 “
215 187 345 235 Quare
365 186 578 225 sollicitum
599 186 732 237 potius
752 199 895 225 aevum
913 185 1067 233 ducitis,

177 248 305 296 Quam
324 261 457 299 regem
477 262 539 286 me
559 248 700 286 creatis
721 248 799 287 icto
818 247 977 286 foedere
996 257 1078 295 (155),

178 310 256 357 Qui
275 323 345 348 vos
364 309 413 348 ab
433 309 541 347 omni
560 314 668 348 tutas
688 314 886 360 praestem
903 318 976 351 (244)
995 308 1141 347 iniuria
1158 307 1200 346 '3''

178 371 275 409 Illae
294 370 498 410 credentes
518 370 685 409 tradunt
706 384 790 409 sese
808 370 946 409 milvio
966 380 1048 417 (140),
1408 382 1446 414 15

179 433 266 481 Qui,
287 445 455 483 regnum
475 432 653 482 adeptus,
676 432 807 483 coepit
825 433 930 470 vesci
951 442 1020 473 (159)
1041 431 1227 483 singulas,

178 494 231 532 Et
249 507 429 533 exercere
449 494 660 544 imperium
680 494 806 532 saevis
826 494 1026 544 unguibus
1047 504 1127 535 (154).

177 556 240 595 De
258 555 421 606 reliqiiis
441 561 536 594 tunc
555 569 645 602 una,
672 556 854 594 “Merito
875 556 1086 606 plectimur
1099 556 1129 594 ''.

179 631 546 669 Parse-Tutmxdum,
573 631 756 673 fugissent,
781 631 923 670 inerme,
947 632 1024 670 tali,
1045 641 1163 673 quare,
1187 632 1270 671 ict0,
1294 631 1442 671 foedere,

264 680 449 717 praestem,
469 674 629 715 adeptus,
649 674 754 712 vesci,
773 674 928 716 reliquis,
947 675 1083 706 merito.

594 792 738 830 FABLE
766 793 837 830 VI.
872 793 942 844 (Π.
977 795 1027 842 7).

389 877 604 921 AQUILA,
633 877 845 920 CORNIX,
875 878 945 911 ET
971 878 1240 914 TESTUDO.

308 953 462 994 Nothing]
477 964 541 985 can
556 953 653 985 resist
669 954 819 994 strenyth
834 954 906 985 and
921 954 1120 987 wickedness
1137 956 1317 988 combined.

234 1027 384 1067 Contra
402 1032 586 1078 potentes
605 1041 721 1066 nemo
743 1033 803 1066 est
823 1028 1000 1066 munitus
1021 1029 1117 1067 satis
1132 1044 1142 1077 3

181 1089 221 1128 Si
243 1092 335 1128 vero
356 1090 518 1128 accessit
538 1089 765 1128 consiliator
785 1089 996 1137 maleficus,

179 1151 252 1189 Vis
273 1158 313 1190 et
332 1151 511 1202 nequitia
531 1151 726 1201 quidquid
746 1161 800 1193 (es)
821 1158 1062 1203 oppugnant,
1086 1153 1176 1191 ruit.

234 1213 382 1264 Aquila
402 1213 443 1251 in
464 1213 630 1251 sublime
652 1213 814 1252 sustulit
833 1214 1087 1253 testudinem.

181 1275 289 1323 Quae
310 1289 433 1326 quum
452 1275 671 1313 abdidisset
690 1284 760 1319 (243,
775 1285 802 1318 4)
821 1278 962 1315 cornea
982 1290 1121 1328 corpus
1142 1276 1271 1323 domo,
1431 1296 1450 1329 5

181 1338 265 1376 Nec
284 1337 366 1376 ullo
385 1343 502 1388 pacto
521 1348 592 1380 (154)
612 1337 715 1376 laedi
736 1346 869 1388 posset
889 1338 1059 1385 condita,

181 1399 305 1438 Venit
324 1413 395 1449 per
415 1412 530 1438 auras
550 1399 697 1446 cornix,
722 1406 761 1438 et
782 1407 945 1451 propter
965 1401 1101 1438 volans
1120 1418 1126 1439 :

184 1467 206 1483 “
221 1461 405 1512 Opimam
426 1463 518 1500 sane
539 1461 725 1511 praedam
747 1462 913 1512 rapuisti
934 1463 1134 1514 unguibus
1149 1477 1159 1511 3

183 1523 273 1569 Sed,
295 1523 370 1562 nisi
394 1525 617 1562 monstraro
638 1523 733 1574 quid
755 1524 806 1562 sit
827 1534 898 1567 (242)
917 1524 1142 1563 faciendum
1162 1525 1237 1564 tibi
1257 1535 1338 1573 (221),

184 1585 307 1624 Gravi
329 1585 569 1636 nequiquam
590 1591 629 1624 te
649 1585 813 1623 lassabis
834 1585 1017 1636 pondere.
1412 1608 1451 1631 10

185 1647 383 1686 Promissa
404 1655 514 1698 parte
535 1657 615 1694 (155),
639 1647 779 1686 suadet
798 1653 845 1686 ut
865 1648 1066 1699 scopulum
1088 1662 1207 1699 super

185 1709 292 1747 Altis
313 1709 361 1747 ab
381 1709 497 1747 astris
517 1709 657 1747 duram
679 1709 809 1748 illidat
828 1719 901 1753 (241)
919 1711 1102 1749 corticem
1118 1725 1127 1758 3

187 1771 271 1819 Qua
293 1771 536 1809 comminuta
555 1780 629 1813 (155)
647 1771 759 1810 facile
780 1777 962 1810 vescatur
981 1782 1051 1814 (244)
1072 1773 1157 1811 cibo
1176 1781 1257 1815 (159).

186 1833 356 1871 Inducta
376 1833 506 1871 verbis
528 1833 659 1883 aquila
678 1833 840 1871 monitis
861 1845 931 1875 (141)
951 1834 1093 1884 paruit,

187 1895 313 1933 Simul
334 1900 374 1934 et
394 1896 604 1946 magistrae
626 1905 697 1938 (140)
716 1895 822 1947 large
842 1895 979 1934 divisit
999 1896 1149 1947 dapem.
1412 1916 1450 1951 15

186 1957 249 1996 Sic
268 1963 356 1996 tuta
377 1971 477 2008 quae
497 1963 661 1996 naturae
682 1957 811 1996 fuerat
830 1971 1001 2006 munere,

186 2019 320 2070 Impar
341 2020 493 2058 duabus
512 2029 595 2066 (143),
620 2019 762 2058 occidit
782 2019 887 2058 tristi
908 2033 1002 2058 nece
1021 2029 1103 2062 (154).

188 2097 509 2135 Parsa—Accessit,
536 2096 719 2139 quidquid,
746 2096 903 2135 sublime,
928 2096 1133 2135 abdidisset,
1155 2101 1266 2139 pacto,
1290 2101 1443 2139 propter,

273 2139 457 2181 unguibus,
477 2143 682 2177 monstraro,
702 2139 780 2179 tibi,
796 2139 987 2182 scopulum,
1002 2144 1174 2180 vescatur,
1189 2140 1275 2180 cibo,
1292 2141 1443 2181 monitis,

273 2182 407 2222 divisit,
426 2182 573 2221 duabus,
594 2183 731 2215 occidit.
