1561 2439
385 87 640 117 SELECTIONS
669 87 786 116 FROM
814 86 1056 117 PHAEDRUS.
1309 81 1358 117 35

143 184 295 236 Vulpes
314 184 364 223 ad
385 198 547 223 coenam
567 184 714 222 dicitur
734 184 924 222 ciconiam

90 246 205 285 Prior
225 246 425 293 invitasse,
449 251 489 284 et
509 245 567 284 illi
587 245 627 283 in
649 246 783 296 patina
803 245 996 296 liquidam

89 308 271 346 Posuisse
293 308 559 354 sorbitionem,
583 321 702 357 quam
722 307 832 345 nullo
853 307 973 346 modo
1341 327 1357 360 5

90 369 262 408 Gustare
282 369 458 408 esuriens
478 369 654 420 potuerit
674 379 746 410 (244)
765 370 924 407 ciconia.

90 430 199 479 Quae
220 431 381 482 vulpem
400 444 524 481 quum
545 432 776 477 revocasset,
799 431 940 469 intrito
961 431 1048 469 cibo
1068 440 1141 474 (151)

89 492 253 531 Plenam
274 493 453 544 lagenam
473 493 606 544 posuit
623 509 629 531 :
652 492 744 530 huic
763 498 937 531 rostrum
957 494 1134 532 inserens

89 554 266 593 Satiatur
286 555 381 606 ipsa,
403 560 563 605 torquet
583 555 791 593 convivam
811 555 923 593 fame.

89 615 197 664 Quae
217 630 341 667 quum
360 617 521 667 lagenae
542 617 688 655 frustra
709 617 854 655 collum
874 616 1078 664 lamberet,
1322 637 1360 659 10

90 677 344 729 Peregrinam
366 679 420 717 sic
441 678 614 716 locutam
634 678 833 717 volucrem
854 679 1074 729 accepimus
1092 694 1099 717 :

92 743 114 760 “
130 739 209 779 Sua
231 741 397 791 quisque
417 740 599 792 exempla
619 740 738 779 debet
758 754 884 791 aequo
905 741 1038 779 animo
1057 740 1142 792 pati
1155 739 1185 779 ’'.

89 857 355 897 Parse—Nulli,
385 858 591 897 nocendum,
621 859 709 901 quis,
738 858 890 897 laeserit,
918 859 1151 898 multandum,
1179 859 1356 898 invitasse,

174 911 289 943 quam,
309 902 475 941 esuriens,
495 902 632 941 intrito,
652 902 739 941 cibo,
761 903 852 942 huic,
872 902 975 942 fame,
995 902 1159 942 locutam,
1178 903 1262 945 pati.

476 1150 619 1189 FABLE
650 1149 782 1189 XXX.
813 1149 859 1201 (I.
895 1152 977 1198 21).

449 1261 609 1296 CANIS
638 1261 998 1297 PARTURIENS.

374 1362 513 1394 Beware
530 1363 573 1403 of
582 1362 647 1403 sofc
663 1363 811 1403 speeches
819 1364 919 1403 from
934 1363 1066 1396 knaves.

144 1459 307 1500 Habent
327 1461 492 1500 insidias
511 1461 684 1500 hominis
705 1461 924 1501 blanditiae
945 1462 1039 1501 mali
1056 1478 1062 1501 z

90 1522 194 1571 Quas
215 1528 261 1562 ut
281 1523 453 1562 vitemus
472 1532 554 1571 (241),
578 1531 714 1563 versus
735 1524 902 1562 subiecti
922 1531 1098 1564 monent.

144 1584 263 1624 Canis
283 1586 509 1636 parturiens
531 1600 653 1637 quum
673 1588 850 1638 rogasset
872 1586 1048 1635 alteram,

90 1646 149 1686 Ut
168 1648 294 1686 fetum
313 1648 354 1686 in
376 1648 459 1687 eius
480 1649 640 1700 tugurio
661 1649 878 1699 deponeret
898 1658 980 1698 (241),

89 1709 221 1748 Facile
240 1710 495 1761 impetravit:
516 1711 660 1750 deinde
681 1711 904 1762 reposcenti
925 1711 1056 1750 locum
1344 1729 1361 1765 5

90 1771 229 1810 Preces
250 1772 439 1819 admovit,
462 1778 619 1824 tempus
640 1787 808 1812 exorans
828 1773 960 1821 breve,

90 1833 197 1872 Dum
217 1835 410 1873 firmiores
430 1835 581 1874 catulos
600 1840 735 1886 posset
755 1835 906 1875 (lucere.

90 1895 178 1935 Hoc
198 1910 357 1948 quoque
378 1902 623 1949 consumpto,
647 1897 826 1949 flagitare
846 1897 1018 1937 validius

91 1958 232 1997 Cubile
253 1959 393 2009 coepit.
457 1963 479 1980 “
495 1959 537 1998 Si
558 1959 657 1998 mihi
678 1965 718 1998 et
738 1961 878 1999 turbae
899 1974 1009 1999 meae

91 2019 170 2059 Par
181 2021 212 2067 '',
234 2021 377 2072 inquit,
404 2025 525 2060 “esse
546 2022 732 2073 potueris
757 2022 892 2061 cedam
914 2022 998 2061 loco
1013 2023 1043 2063 ''.
1326 2043 1364 2067 10

92 2138 422 2179 Parsa—vitemus,
442 2140 602 2179 subiecti,
626 2141 839 2182 parturiens,
858 2141 1060 2183 deponeret,
1082 2151 1213 2183 preces,
1232 2146 1362 2184 posset,

179 2187 396 2225 consumpto,
415 2183 577 2223 validius,
598 2184 728 2223 cedam,
748 2184 833 2216 loco.
